@inproceedings{abadi2005design,
  title =        {{The Design of the Borealis Stream Processing Engine}},
  author =       {Abadi, Daniel J and Ahmad, Yanif and Balazinska, Magdalena and
                  Cetintemel, Ugur and Cherniack, Mitch and Hwang, Jeong-Hyon
                  and Lindner, Wolfgang and Maskey, Anurag and Rasin, Alex and
                  Ryvkina, Esther and others},
  booktitle =    {CIDR},
  volume =       5,
  pages =        {277--289},
  address =      {Asilomar, CA},
  year =         2005
}

@inproceedings{abadi2016tensorflow,
  title =        {{TensorFlow: A System for Large-scale Machine Learning}},
  author =       {Abadi, Mart{\'\i}n and Barham, Paul and Chen, Jianmin and
                  Chen, Zhifeng and Davis, Andy and Dean, Jeffrey and Devin,
                  Matthieu and Ghemawat, Sanjay and Irving, Geoffrey and Isard,
                  Michael and others},
  booktitle =    {12th USENIX Symposium on Operating Systems Design and
                  Implementation (OSDI 16)},
  url =
                  {https://www.usenix.org/conference/osdi16/technical-sessions/presentation/abadi},
  publisher =    {USENIX Association},
  isbn =         {978-1-931971-33-1},
  address =      {GA},
  pages =        {265--283},
  year =         2016
}

@inproceedings{abari2017enabling,
  author =       {Omid Abari and Dinesh Bharadia and Austin Duffield and Dina
                  Katabi},
  title =        {{Enabling High-Quality Untethered Virtual Reality}},
  booktitle =    {14th USENIX Symposium on Networked Systems Design and
                  Implementation (NSDI 17)},
  year =         2017,
  isbn =         {978-1-931971-37-9},
  address =      {Boston, MA},
  pages =        {531--544},
  url =
                  {https://www.usenix.org/conference/nsdi17/technical-sessions/presentation/abari},
  publisher =    {USENIX Association},
}

@article{abdi2007kendall,
  title =        {{The Kendall Rank Correlation Coefficient}},
  author =       {Abdi, Herv{\'e}},
  journal =      {Encyclopedia of Measurement and Statistics. Sage, Thousand
                  Oaks, CA},
  pages =        {508--510},
  year =         2007,
  publisher =    {Citeseer}
}

@misc{adafruit,
  title =        {{Learning at Adafruit Industries, Unique \& Fun DIY
                  Electronics and Kits}},
  howpublished = {\url{https://learn.adafruit.com}},
}

@misc{adobestreaming,
  title =        {{High-quality, Network-efficient HTTP Streaming}},
  Author =       {Adobe},
  howpublished =
                  {\url{http://www.adobe.com/products/hds-dynamic-streaming.html}},
  note =         {Accessed: 2017-09-20}
}

@inproceedings{agarwal2013blinkdb,
  title =        {{BlinkDB: Queries with Bounded Errors and Bounded Response
                  Times on Very Large Data}},
  author =       {Agarwal, Sameer and Mozafari, Barzan and Panda, Aurojit and
                  Milner, Henry and Madden, Samuel and Stoica, Ion},
  booktitle =    {Proceedings of the 8th ACM European Conference on Computer
                  Systems},
  series =       {EuroSys '13},
  isbn =         {978-1-4503-1994-2},
  location =     {Prague, Czech Republic},
  numpages =     14,
  pages =        {29--42},
  year =         2013,
  url =          {http://doi.acm.org/10.1145/2465351.2465355},
  doi =          {10.1145/2465351.2465355},
  publisher =    {ACM},
}

@article{akidau2013millwheel,
  title =        {{MillWheel: Fault-tolerant Stream Processing at Internet
                  Scale}},
  author =       {Akidau, Tyler and Balikov, Alex and Bekiro{\u{g}}lu, Kaya and
                  Chernyak, Slava and Haberman, Josh and Lax, Reuven and
                  McVeety, Sam and Mills, Daniel and Nordstrom, Paul and
                  Whittle, Sam},
  journal =      {Proceedings of the VLDB Endowment},
  volume =       6,
  number =       11,
  pages =        {1033--1044},
  year =         2013,
  publisher =    {VLDB Endowment},
  url =          {https://dl.acm.org/citation.cfm?id=2536229}
}

@article{akyildiz2002wireless,
  title =        {{Wireless Sensor Networks: A Survey}},
  author =       {Akyildiz, Ian F and Su, Weilian and Sankarasubramaniam, Yogesh
                  and Cayirci, Erdal},
  journal =      {Computer networks},
  volume =       38,
  number =       4,
  pages =        {393--422},
  year =         2002,
  publisher =    {Elsevier}
}

@misc{alex2015internet,
  author =       {Drozhzhin, Alex},
  title =        {{Internet of Crappy Things}},
  howpublished = {\url{http://blog.kaspersky.com/internet-of-crappy-things/}},
  year =         2015
}

@misc{alexa,
  title =        {{Alexa}},
  author =       {Amazon},
  url =          {https://developer.amazon.com/alexa},
  year =         2017,
  note =         {Accessed: 2017-08-05}
}

@inproceedings{alipourfard2017cherrypick,
  author =       {{Omid Alipourfard and Hongqiang Harry Liu and Jianshu Chen and
                  Shivaram Venkataraman and Minlan Yu and Ming Zhang}},
  title =        {{CherryPick: Adaptively Unearthing the Best Cloud
                  Configurations for Big Data Analytics}},
  booktitle =    {14th USENIX Symposium on Networked Systems Design and
                  Implementation (NSDI 17)},
  year =         2017,
  isbn =         {978-1-931971-37-9},
  address =      {Boston, MA},
  pages =        {469--482},
  url =
                  {https://www.usenix.org/conference/nsdi17/technical-sessions/presentation/alipourfard},
  publisher =    {USENIX Association},
}

@inproceedings{allen2004object,
  author =       {Allen, John G. and Xu, Richard Y. D. and Jin, Jesse S.},
  title =        {{Object Tracking Using CamShift Algorithm and Multiple
                  Quantized Feature Spaces}},
  booktitle =    {Proceedings of the Pan-Sydney Area Workshop on Visual
                  Information Processing},
  series =       {VIP'05},
  year =         2004,
  isbn =         {1-920682-18-X},
  location =     {Sydney, Australia, USA},
  pages =        {3--7},
  numpages =     5,
  url =          {http://dl.acm.org/citation.cfm?id=1082121.1082122},
  acmid =        1082122,
  publisher =    {Australian Computer Society, Inc.},
  address =      {Darlinghurst, Australia, Australia},
  keywords =     {mean shift, object tracking, video},
}

@inproceedings{alspaugh2014analyzing,
  title =        {{Analyzing Log Analysis: An Empirical Study of User Log
                  Mining}},
  author =       {Alspaugh, Sara and Di Chen, Bei and Lin, Jessica and
                  Ganapathi, Archana and Hearst, Marti A and Katz, Randy H},
  booktitle =    {Proceedings of the 28th USENIX Conference on Large
                  Installation System Administration},
  series =       {LISA'14},
  year =         2014,
  isbn =         {978-1-931971-17-1},
  location =     {Seattle, WA},
  pages =        {53--68},
  numpages =     16,
  url =          {http://dl.acm.org/citation.cfm?id=2717491.2717495},
  acmid =        2717495,
  publisher =    {USENIX Association},
  address =      {Berkeley, CA, USA},
  keywords =     {Splunk, log analysis, query logs, user modeling, user surveys},
}

@misc{amazon2017pricing,
  author =       {Amazon},
  title =        {{Amazone EC2 Pricing}},
  howpublished = {\url{https://aws.amazon.com/ec2/pricing/}},
  year =         2017,
  note =         {Accessed: 2017-04-12}
}

@misc{amerasinghe2009h,
  title =        {H. 264 for the rest of us},
  author =       {Amerasinghe, Kush},
  year =         2009
}

@inproceedings{ananthanarayanan2013effective,
  author =       {Ananthanarayanan, Ganesh and Ghodsi, Ali and Shenker, Scott
                  and Stoica, Ion},
  title =        {Effective Straggler Mitigation: Attack of the Clones},
  booktitle =    {Proceedings of the 10th USENIX Conference on Networked Systems
                  Design and Implementation},
  series =       {NSDI'13},
  year =         2013,
  location =     {Lombard, IL},
  pages =        {185--198},
  numpages =     14,
  url =          {http://dl.acm.org/citation.cfm?id=2482626.2482645},
  acmid =        2482645,
  publisher =    {USENIX Association},
  address =      {Berkeley, CA, USA},
}

@inproceedings{ananthanarayanan2014grass,
  author =       {Ganesh Ananthanarayanan and Michael Chien-Chun Hung and Xiaoqi
                  Ren and Ion Stoica and Adam Wierman and Minlan Yu},
  title =        {{GRASS: Trimming Stragglers in Approximation Analytics}},
  booktitle =    {11th USENIX Symposium on Networked Systems Design and
                  Implementation (NSDI 14)},
  year =         2014,
  isbn =         {978-1-931971-09-6},
  address =      {Seattle, WA},
  pages =        {289--302},
  url =
                  {https://www.usenix.org/conference/nsdi14/technical-sessions/presentation/ananthanarayanan},
  publisher =    {USENIX Association},
}

@inproceedings{andersen2016btrdb,
  title =        {BTrDB: Optimizing Storage System Design for Timeseries
                  Processing.},
  author =       {Andersen, Michael P and Culler, David E},
  booktitle =    {FAST},
  pages =        {39--52},
  year =         2016
}

@misc{angwin2014has,
  author =       {Angwin, Julia},
  title =        {{Has Privacy Become a Luxury Good?}},
  howpublished =
                  {\url{http://www.nytimes.com/2014/03/04/opinion/has-privacy-become-a-luxury-good.html}},
  year =         2014
}

@book{anton2014machine,
  title =        {{Machine-to-machine (M2M) Communications: Architecture,
                  Performance and Applications}},
  author =       {Anton-Haro, Carles and Dohler, Mischa},
  year =         2014,
  publisher =    {Elsevier}
}

@misc{applesiri,
  title =        {{Siri}},
  author =       {Apple},
  url =          {https://www.apple.com/ios/siri/},
  year =         2017,
  note =         {Accessed: 2017-08-05}
}

@misc{arduino,
  title =        {{Arduino}},
  howpublished = {\url{http://www.arduino.cc/}}
}

@article{armbrust2010view,
  title =        {{A View of Cloud Computing}},
  author =       {Armbrust, Michael and Fox, Armando and Griffith, Rean and
                  Joseph, Anthony D and Katz, Randy and Konwinski, Andy and Lee,
                  Gunho and Patterson, David and Rabkin, Ariel and Stoica, Ion
                  and others},
  journal =      {Communications of the ACM},
  volume =       53,
  number =       4,
  pages =        {50--58},
  year =         2010,
  publisher =    {ACM}
}

@article{att2017edge,
  title =        {{AT\&T Edge Cloud (AEC) - White Paper}},
  author =       {AT\&T Labs \& AT\&T Foundry},
  year =         2017,
  howpublished =
                  {\url{https://about.att.com/content/dam/innovationdocs/Edge_Compute_White_Paper\%20FINAL2.pdf}},
}

@article{atzori2010internet,
  title =        {{The Internet of Things: A Survey}},
  author =       {Atzori, Luigi and Iera, Antonio and Morabito, Giacomo},
  journal =      {Computer networks},
  volume =       54,
  number =       15,
  pages =        {2787--2805},
  year =         2010,
  publisher =    {Elsevier}
}

@misc{automatic,
  title =        {{Automatic}},
  howpublished = {\url{https://www.automatic.com/}}
}

@inproceedings{babcock2003distributed,
  title =        {{Distributed Top-K Monitoring}},
  author =       {Babcock, Brian and Olston, Chris},
  booktitle =    {Proceedings of the 2003 ACM SIGMOD International Conference on
                  Management of Data},
  series =       {SIGMOD'03},
  year =         2003,
  isbn =         {1-58113-634-X},
  location =     {San Diego, California},
  pages =        {28--39},
  numpages =     12,
  url =          {http://doi.acm.org/10.1145/872757.872764},
  doi =          {10.1145/872757.872764},
  acmid =        872764,
  publisher =    {ACM},
  address =      {New York, NY, USA},
}

@article{bailis2013highly,
  title =        {{Highly Available Transactions: Virtues and Limitations}},
  author =       {Bailis, Peter and Davidson, Aaron and Fekete, Alan and Ghodsi,
                  Ali and Hellerstein, Joseph M and Stoica, Ion},
  journal =      {Proceedings of the VLDB Endowment},
  volume =       7,
  number =       3,
  pages =        {181--192},
  year =         2013,
  publisher =    {VLDB Endowment}
}

@inproceedings{balakrishnan2012corfu,
  title =        {{CORFU: A Shared Log Design for Flash Clusters}},
  author =       {Balakrishnan, Mahesh and Malkhi, Dahlia and Prabhakaran,
                  Vijayan and Wobber, Ted and Wei, Michael and Davis, John D},
  booktitle =    {NSDI},
  pages =        {1--14},
  year =         2012
}

@inproceedings{balakrishnan2013tango,
  title =        {{Tango: Distributed data structures over a shared log}},
  author =       {Balakrishnan, Mahesh and Malkhi, Dahlia and Wobber, Ted and
                  Wu, Ming and Prabhakaran, Vijayan and Wei, Michael and Davis,
                  John D and Rao, Sriram and Zou, Tao and Zuck, Aviad},
  booktitle =    {Proceedings of the Twenty-Fourth ACM Symposium on Operating
                  Systems Principles},
  pages =        {325--340},
  year =         2013,
  organization = {ACM}
}

@book{balani2016enterprise,
  title =        {{Enterprise IoT: A Definitive Handbook}},
  author =       {Balani, Naveen and Hathi, Rajeev},
  year =         2016,
  publisher =    {CreateSpace Independent Publishing Platform}
}

@inproceedings{ballardie1993core,
  title =        {{Core based trees (CBT)}},
  author =       {Ballardie, Tony and Francis, Paul and Crowcroft, Jon},
  booktitle =    {ACM SIGCOMM Computer Communication Review},
  volume =       23,
  number =       4,
  pages =        {85--95},
  year =         1993,
  organization = {ACM}
}

@inproceedings{bar2013fog,
  title =        {{Fog Computing: Introduction to a New Cloud Evolution}},
  author =       {Bar-Magen, Jonathan},
  booktitle =    {Escrituras silenciadas: paisaje como historiograf{\'\i}a},
  pages =        {111--126},
  year =         2013,
  organization = {Servicio de Publicaciones}
}

@misc{barr2013amazon,
  author =       {Barr, Jeff},
  title =        {{Amazon S3 – Two Trillion Objects, 1.1 Million Requests /
                  Second}},
  howpublished =
                  {\url{https://aws.amazon.com/blogs/aws/amazon-s3-two-trillion-objects-11-million-requests-second/}},
  year =         2013
}

@article{baset2004analysis,
  title =        {{An Analysis of the Skype Peer-to-peer Internet Telephony
                  Protocol}},
  author =       {Baset, Salman A and Schulzrinne, Henning},
  journal =      {arXiv preprint cs/0412017},
  year =         2004
}

@misc{bbb,
  title =        {{BeagleBone Board}},
  howpublished = {\url{http://beagleboard.org/bone}}
}

@article{bellard2012ffmpeg,
  title =        {FFmpeg},
  author =       {Bellard, Fabrice and Niedermayer, M and others},
  howpublished = {\url{https://www.ffmpeg.org/}},
  year =         2012
}

@article{bessani2013depsky,
  title =        {{DepSky: dependable and secure storage in a cloud-of-clouds}},
  author =       {Bessani, Alysson and Correia, Miguel and Quaresma, Bruno and
                  Andr{\'e}, Fernando and Sousa, Paulo},
  journal =      {ACM Transactions on Storage (TOS)},
  volume =       9,
  number =       4,
  pages =        12,
  year =         2013,
  publisher =    {ACM}
}

@article{binoisgpareto,
  title =        {{GPareto: An R Package for Gaussian-Process Based
                  Multi-Objective Optimization and Analysis}},
  author =       {Binois, Micka{\"e}l and Picheny, Victor},
  year =         2018,
}

@inproceedings{biswas2015large,
  title =        {{Large-scale Measurements of Wireless Network Behavior}},
  author =       {Biswas, Sanjit and Bicket, John and Wong, Edmund and
                  Musaloiu-e, Raluca and Bhartia, Apurv and Aguayo, Dan},
  booktitle =    {Proceedings of the 2015 ACM Conference on Special Interest
                  Group on Data Communication},
  series =       {SIGCOMM'15},
  year =         2015,
  isbn =         {978-1-4503-3542-3},
  location =     {London, United Kingdom},
  pages =        {153--165},
  numpages =     13,
  url =          {http://doi.acm.org/10.1145/2785956.2787489},
  doi =          {10.1145/2785956.2787489},
  acmid =        2787489,
  publisher =    {ACM},
  address =      {New York, NY, USA},
  keywords =     {802.11, large-scale measurements, network usage data},
}

@article{bogue2014towards,
  title =        {Towards the trillion sensors market},
  author =       {Bogue, Robert},
  journal =      {Sensor Review},
  volume =       34,
  number =       2,
  pages =        {137--142},
  year =         2014,
  publisher =    {Emerald Group Publishing Limited}
}

@inproceedings{bonomi2012fog,
  title =        {{Fog Computing and Its Role in the Internet of Things}},
  author =       {Bonomi, Flavio and Milito, Rodolfo and Zhu, Jiang and
                  Addepalli, Sateesh},
  booktitle =    {Proceedings of the first edition of the MCC workshop on Mobile
                  cloud computing},
  pages =        {13--16},
  year =         2012,
  organization = {ACM}
}

@article{bradley2013internet,
  title =        {{Internet of Everything (IoE)}},
  author =       {Bradley, Joseph and Loucks, Jeff and Noronha, Andy and
                  Macaulay, James and Buckalew, Lauren},
  journal =      {Survey Report},
  year =         2013
}

@article{brooks2018component,
  title =        {{A Component Architecture for the Internet of Things}},
  author =       {Brooks, Christopher and Jerad, Chadlia and Kim, Hokeun and
                  Lee, Edward A and Lohstroh, Marten and Nouvellet, Victor and
                  Osyk, Beth and Weber, Matt},
  journal =      {Proceedings of the IEEE},
  year =         2018,
  publisher =    {IEEE}
}

@inproceedings{brush2013lab,
  title =        {{Lab of things: a platform for conducting studies with
                  connected devices in multiple homes}},
  author =       {Brush, AJ and Filippov, Evgeni and Huang, Danny and Jung,
                  Jaeyeon and Mahajan, Ratul and Martinez, Frank and Mazhar,
                  Khurshed and Phanishayee, Amar and Samuel, Arjmand and Scott,
                  James and others},
  booktitle =    {Proceedings of the 2013 ACM conference on Pervasive and
                  ubiquitous computing adjunct publication},
  pages =        {35--38},
  year =         2013,
  organization = {ACM}
}

@inproceedings{calder2013mapping,
  title =        {{Mapping the Expansion of Google's Serving Infrastructure}},
  author =       {Calder, Matt and Fan, Xun and Hu, Zi and Katz-Bassett, Ethan
                  and Heidemann, John and Govindan, Ramesh},
  booktitle =    {Proceedings of the 2013 Conference on Internet Measurement
                  Conference},
  series =       {IMC'13},
  year =         2013,
  isbn =         {978-1-4503-1953-9},
  location =     {Barcelona, Spain},
  pages =        {313--326},
  numpages =     14,
  url =          {http://doi.acm.org/10.1145/2504730.2504754},
  doi =          {10.1145/2504730.2504754},
  acmid =        2504754,
  publisher =    {ACM},
  address =      {New York, NY, USA},
  keywords =     {CDN, DNS, geolocation, measurement},
}

@book{camacho2013model,
  title =        {{Model Predictive Control}},
  author =       {Camacho, Eduardo F and Alba, Carlos Bordons},
  year =         2013,
  publisher =    {Springer Science \& Business Media}
}

@article{canny1986computational,
  title =        {{A Computational Approach to Edge Detection}},
  author =       {Canny, John},
  journal =      {IEEE Transactions on pattern analysis and machine
                  intelligence},
  number =       6,
  pages =        {679--698},
  year =         1986,
  url =          {http://dx.doi.org/10.1109/TPAMI.1986.4767851},
  doi =          {10.1109/TPAMI.1986.4767851},
  acmid =        11275,
  publisher =    {IEEE}
}

@inproceedings{cao2004efficient,
  title =        {{Efficient Top-K Query Calculation in Distributed Networks}},
  author =       {Cao, Pei and Wang, Zhe},
  booktitle =    {Proceedings of the twenty-third annual ACM symposium on
                  Principles of distributed computing},
  pages =        {206--215},
  year =         2004,
  organization = {ACM}
}

@article{carbone2015apache,
  title =        {{Apache flink: Stream and batch processing in a single
                  engine}},
  author =       {Carbone, Paris and Katsifodimos, Asterios and Ewen, Stephan
                  and Markl, Volker and Haridi, Seif and Tzoumas, Kostas},
  journal =      {Data Engineering},
  volume =       38,
  number =       4,
  year =         2015,
  url =          {https://flink.apache.org/}
}

@article{cardwell2017bbr,
  title =        {{BBR: Congestion-based Congestion Control}},
  author =       {Cardwell, Neal and Cheng, Yuchung and Gunn, C Stephen and
                  Yeganeh, Soheil Hassas and others},
  journal =      {Communications of the ACM},
  volume =       60,
  number =       2,
  pages =        {58--66},
  year =         2017,
  publisher =    {ACM},
  url =          {http://dl.acm.org/citation.cfm?id=3042068.3009824},
}

@misc{carriots,
  title =        {{Carriots}},
  howpublished = {\url{https://www.carriots.com/}}
}

@inproceedings{challen2014mote,
  title =        {{The Mote is Dead. Long Live the Discarded Smartphone!}},
  author =       {Challen, Geoffrey and Haseley, Scott and Maiti, Anudipa and
                  Nandugudi, Anandatirtha and Prasad, Guru and Puri, Mukta and
                  Wang, Junfei},
  booktitle =    {Proceedings of the 15th Workshop on Mobile Computing Systems
                  and Applications},
  pages =        5,
  year =         2014,
  organization = {ACM}
}

@inproceedings{chandrasekaran2003telegraphcq,
  title =        {{TelegraphCQ: Continuous Dataflow Processing}},
  author =       {Chandrasekaran, Sirish and Cooper, Owen and Deshpande, Amol
                  and Franklin, Michael J and Hellerstein, Joseph M and Hong,
                  Wei and Krishnamurthy, Sailesh and Madden, Samuel R and Reiss,
                  Fred and Shah, Mehul A},
  booktitle =    {Proceedings of the 2003 ACM SIGMOD International Conference on
                  Management of Data},
  series =       {SIGMOD'03},
  year =         2003,
  isbn =         {1-58113-634-X},
  location =     {San Diego, California},
  pages =        {668--668},
  numpages =     1,
  url =          {http://doi.acm.org/10.1145/872757.872857},
  doi =          {10.1145/872757.872857},
  acmid =        872857,
  publisher =    {ACM},
  address =      {New York, NY, USA},
}

@inproceedings{chen2015glimpse,
  title =        {{Glimpse: Continuous, Real-time Object Recognition on Mobile
                  Devices}},
  author =       {Chen, Tiffany Yu-Han and Ravindranath, Lenin and Deng, Shuo
                  and Bahl, Paramvir and Balakrishnan, Hari},
  booktitle =    {Proceedings of the 13th ACM Conference on Embedded Networked
                  Sensor Systems},
  pages =        {155--168},
  year =         2015,
  organization = {ACM}
}

@phdthesis{chen2018application,
  title =        {An Application Platform for Wearable Cognitive Assistance},
  author =       {Chen, Zhuo},
  year =         2018,
  school =       {Carnegie Mellon University}
}

@inproceedings{cheng2013body,
  title =        {{Body-tracking camera control for demonstration videos}},
  author =       {Cheng, Derrick and Chi, Pei-Yu and Kwak, Taeil and Hartmann,
                  Bj{\"o}rn and Wright, Paul},
  booktitle =    {CHI'13 Extended Abstracts on Human Factors in Computing
                  Systems},
  pages =        {1185--1190},
  year =         2013,
  organization = {ACM}
}

@inproceedings{cheng2014aircloud,
  title =        {{AirCloud: A Cloud-based Air-Quality Monitoring System for
                  Everyone}},
  author =       {Cheng, Yun and Li, Xiucheng and Li, Zhijun and Jiang, Shouxu
                  and Li, Yilong and Jia, Ji and Jiang, Xiaofan},
  booktitle =    {Proceedings of the 12th ACM Conference on Embedded Network
                  Sensor Systems},
  pages =        {251--265},
  year =         2014,
  organization = {ACM}
}

@inproceedings{chiosi2012network,
  title =        {{Network Functions Virtualisation--Introductory White Paper}},
  author =       {Chiosi, Margaret and Clarke, D and Willis, P and Reid, A and
                  Feger, J and Bugenhagen, M and Khan, W and Fargano, M and Cui,
                  C and Deng, H and others},
  booktitle =    {SDN and OpenFlow World Congress},
  year =         2012
}

@inproceedings{cho2012surviving,
  title =        {{Surviving Congestion in Geo-Distributed Storage Systems}},
  author =       {Cho, Brian and Aguilera, Marcos K},
  booktitle =    {USENIX Annual Technical Conference (USENIX ATC 12)},
  pages =        {439--451},
  year =         2012,
  url =
                  {https://www.usenix.org/conference/atc12/technical-sessions/presentation/cho},
  publisher =    {USENIX},
}

@article{chu2002case,
  title =        {{A case for end system multicast}},
  author =       {Chu, Y-H and Rao, Sanjay G and Seshan, Srinivasan and Zhang,
                  Hui},
  journal =      {Selected Areas in Communications, IEEE Journal on},
  volume =       20,
  number =       8,
  pages =        {1456--1471},
  year =         2002,
  publisher =    {IEEE}
}

@inproceedings{chun2011clonecloud,
  title =        {{Clonecloud: Elastic Execution Between Mobile Device and
                  Cloud}},
  author =       {Chun, Byung-Gon and Ihm, Sunghwan and Maniatis, Petros and
                  Naik, Mayur and Patti, Ashwin},
  booktitle =    {Proceedings of the sixth conference on Computer systems},
  pages =        {301--314},
  year =         2011,
  organization = {ACM}
}

@article{cisco2013zettabyte,
  title =        {{The Zettabyte Era: Trends and Analysis}},
  author =       {Cisco Visual Networking},
  journal =      {Cisco White Paper},
  year =         2013,
  howpublished =
                  {\url{http://www.cisco.com/c/en/us/solutions/collateral/service-provider/visual-networking-index-vni/vni-hyperconnectivity-wp.html}},
}

@article{cisco2016global,
  title =        {Cisco Visual Networking Index: Global Mobile Data Traffic
                  Forecast Update, 2016-2021 White Paper},
  author =       {Cisco Visual Networking},
  journal =      {Cisco White Paper},
  year =         2016,
  howpublished =
                  {\url{https://www.cisco.com/c/en/us/solutions/collateral/service-provider/visual-networking-index-vni/mobile-white-paper-c11-520862.html}},
}

@misc{cnn.benchmarks,
  title =        {{Benchmarks for popular CNN models}},
  author =       {Justin Johnson},
  url =          {https://github.com/jcjohnson/cnn-benchmarks/},
  year =         2016,
}

@article{coifman1998real,
  title =        {{A Real-time Computer Vision System for Vehicle Tracking and
                  Traffic Surveillance}},
  Author =       {Coifman, Benjamin and Beymer, David and McLauchlan, Philip and
                  Malik, Jitendra},
  journal =      {Transportation Research Part C: Emerging Technologies},
  volume =       6,
  number =       4,
  pages =        {271--288},
  year =         1998,
  publisher =    {Elsevier}
}

@book{collette2013multiobjective,
  title =        {{Multiobjective Optimization: Principles and Case Studies}},
  author =       {Collette, Yann and Siarry, Patrick},
  year =         2013,
  publisher =    {Springer Science \& Business Media}
}

@inproceedings{connell2013retail,
  title =        {{Retail Video Analytics: An Overview and Survey}},
  author =       {Connell, Jonathan and Fan, Quanfu and Gabbur, Prasad and Haas,
                  Norman and Pankanti, Sharath and Trinh, Hoang},
  booktitle =    {IS\&T/SPIE Electronic Imaging},
  pages =        {86630X--86630X},
  year =         2013,
  organization = {International Society for Optics and Photonics}
}

@article{cooperstock1997reactive,
  title =        {{Reactive Environments}},
  author =       {Cooperstock, Jeremy R and Fels, Sidney S and Buxton, William
                  and Smith, Kenneth C},
  journal =      {Communications of the ACM},
  volume =       40,
  number =       9,
  pages =        {65--73},
  year =         1997,
  publisher =    {ACM}
}

@article{cormode2011sketch,
  title =        {{Sketch Techniques for Massive Data}},
  author =       {Cormode, Graham},
  journal =      {Synposes for Massive Data: Samples, Histograms, Wavelets and
                  Sketches},
  pages =        {1--3},
  year =         2011
}

@article{cormode2012synopses,
  title =        {{Synopses for Massive Data: Samples, Histograms, Wavelets,
                  Sketches}},
  author =       {Cormode, Graham and Garofalakis, Minos and Haas, Peter J and
                  Jermaine, Chris},
  journal =      {Foundations and Trends in Databases},
  volume =       4,
  number =       {1--3},
  pages =        {1--294},
  year =         2012,
  publisher =    {Now Publishers Inc.}
}

@misc{cortana,
  title =        {{Cortana | Your Intelligent Virtual \& Personal Assistant}},
  author =       {Microsoft},
  url =          {https://www.microsoft.com/en-us/windows/cortana},
  year =         2017,
  note =         {Accessed: 2017-08-05}
}

@inproceedings {crankshaw2017clipper,
  author =       {Daniel Crankshaw and Xin Wang and Guilio Zhou and Michael
                  J. Franklin and Joseph E. Gonzalez and Ion Stoica},
  title =        {{Clipper: A Low-Latency Online Prediction Serving System}},
  booktitle =    {14th {USENIX} Symposium on Networked Systems Design and
                  Implementation ({NSDI} 17)},
  year =         2017,
  isbn =         {978-1-931971-37-9},
  address =      {Boston, MA},
  pages =        {613--627},
  url =
                  {https://www.usenix.org/conference/nsdi17/technical-sessions/presentation/crankshaw},
  publisher =    {{USENIX} Association},
}

@inproceedings{cuervo2010maui,
  title =        {{MAUI: Making Smartphones last Longer With Code Offload}},
  author =       {Cuervo, Eduardo and Balasubramanian, Aruna and Cho, Dae-ki and
                  Wolman, Alec and Saroiu, Stefan and Chandra, Ranveer and Bahl,
                  Paramvir},
  booktitle =    {Proceedings of the 8th international conference on Mobile
                  systems, applications, and services},
  pages =        {49--62},
  year =         2010,
  organization = {ACM}
}

@inproceedings{dalal2005histograms,
  title =        {{Histograms of Oriented Gradients for Human Detection}},
  author =       {Dalal, Navneet and Triggs, Bill},
  booktitle =    {Proceedings of the 2005 IEEE Computer Society Conference on
                  Computer Vision and Pattern Recognition (CVPR'05) - Volume 1 -
                  Volume 01},
  series =       {CVPR '05},
  year =         2005,
  isbn =         {0-7695-2372-2},
  pages =        {886--893},
  numpages =     8,
  url =          {http://dx.doi.org/10.1109/CVPR.2005.177},
  doi =          {10.1109/CVPR.2005.177},
  acmid =        1069007,
  publisher =    {IEEE Computer Society},
  address =      {Washington, DC, USA},
}

@inproceedings{dalibard2017boat,
  author =       {Dalibard, Valentin and Schaarschmidt, Michael and Yoneki,
                  Eiko},
  title =        {{BOAT: Building Auto-Tuners with Structured Bayesian
                  Optimization}},
  booktitle =    {Proceedings of the 26th International Conference on World Wide
                  Web},
  series =       {WWW'17},
  year =         2017,
  isbn =         {978-1-4503-4913-0},
  location =     {Perth, Australia},
  pages =        {479--488},
  numpages =     10,
  url =          {https://doi.org/10.1145/3038912.3052662},
  doi =          {10.1145/3038912.3052662},
  acmid =        3052662,
  publisher =    {International World Wide Web Conferences Steering Committee},
  address =      {Republic and Canton of Geneva, Switzerland},
  keywords =     {auto-tuning, bayesian optimization, distributed stochastic
                  gradient descent, distributed systems, neural networks,
                  probabilistic programming},
}

@misc{darknet13,
  author =       {Redmon, Joseph},
  title =        {{Darknet: Open Source Neural Networks in C}},
  howpublished = {\url{http://pjreddie.com/darknet/}},
  year =         {2013--2017}
}

@inproceedings{davis2004edgecomputing,
  title =        {{Edgecomputing: extending enterprise applications to the edge
                  of the internet}},
  author =       {Davis, Andy and Parikh, Jay and Weihl, William E},
  booktitle =    {Proceedings of the 13th international World Wide Web
                  conference on Alternate track papers \& posters},
  pages =        {180--187},
  year =         2004,
  organization = {ACM}
}

@inproceedings{dawson2010smap,
  title =        {{sMAP: a simple measurement and actuation profile for physical
                  information}},
  author =       {Dawson-Haggerty, Stephen and Jiang, Xiaofan and Tolle, Gilman
                  and Ortiz, Jorge and Culler, David},
  booktitle =    {Proceedings of the 8th ACM Conference on Embedded Networked
                  Sensor Systems},
  pages =        {197--210},
  year =         2010,
  organization = {ACM}
}

@inproceedings{dawson2013boss,
  title =        {{BOSS: Building Operating System Services}},
  author =       {Dawson-Haggerty, Stephen and Krioukov, Andrew and Taneja, Jay
                  and Karandikar, Sagar and Fierro, Gabe and Kitaev, Nikita and
                  Culler, David E},
  booktitle =    {NSDI},
  volume =       13,
  pages =        {443--458},
  year =         2013
}

@article{dean2013tail,
  title =        {{The Tail at Scale}},
  author =       {Dean, Jeffrey and Barroso, Luiz Andr{\'e}},
  journal =      {Communications of the ACM},
  volume =       56,
  number =       2,
  pages =        {74--80},
  year =         2013,
  publisher =    {ACM}
}

@inproceedings{decandia2007dynamo,
  title =        {{Dynamo: amazon's highly available key-value store}},
  author =       {DeCandia, Giuseppe and Hastorun, Deniz and Jampani, Madan and
                  Kakulapati, Gunavardhan and Lakshman, Avinash and Pilchin,
                  Alex and Sivasubramanian, Swaminathan and Vosshall, Peter and
                  Vogels, Werner},
  booktitle =    {ACM SIGOPS Operating Systems Review},
  volume =       41,
  number =       6,
  pages =        {205--220},
  year =         2007,
  organization = {ACM}
}

@techreport{derler2008ptides,
  title =        {{PTIDES: A programming model for distributed real-time
                  embedded systems}},
  author =       {Derler, Patricia and Feng, Thomas H and Lee, Edward A and
                  Matic, Slobodan and Patel, Hiren D and Zheo, Yang and Zou,
                  Jia},
  year =         2008,
  institution =  {DTIC Document}
}

@inproceedings{diaz2012big,
  title =        {{Big Data on the Internet of Things}},
  author =       {Diaz, Martin and Juan, Gonzalo and Oikawa Lucas, Alberto
                  Ryuga},
  booktitle =    {2012 Sixth International Conference on Innovative Mobile and
                  Internet Services in Ubiquitous Computing},
  pages =        {978--0},
  year =         2012
}

@article{dollar2012pedestrian,
  title =        {{Pedestrian Detection: An Evaluation of the State of the Art}},
  author =       {Dollar, Piotr and Wojek, Christian and Schiele, Bernt and
                  Perona, Pietro},
  journal =      {IEEE transactions on pattern analysis and machine
                  intelligence},
  volume =       34,
  number =       4,
  pages =        {743--761},
  year =         2012,
  publisher =    {IEEE}
}

@article{dougherty2012maker,
  title =        {{The Maker Movement}},
  author =       {Dougherty, Dale},
  journal =      {Innovations: Technology, Governance, Globalization},
  volume =       7,
  number =       3,
  pages =        {11--14},
  year =         2012,
  publisher =    {MIT Press}
}

@misc{dropcam,
  title =        {{Nest Cam Indoor}},
  author =       {Google},
  howpublished = {\url{https://www.dropcam.com}},
  note =         {Accessed: 2017-04-03},
  year =         {2009-2017},
}

@misc{durresi2005rtp,
  title =        {{RTP, RTCP, and RTSP-Internet Protocols for Real-Time
                  Multimedia Communication.}},
  author =       {Durresi, Arjan and Jain, Raj},
  year =         2005
}

@misc{edgarlog,
  title =        {{EDGAR Log File Data Set}},
  author =       {DERA},
  howpublished = {\url{https://www.sec.gov/data/edgar-log-file-data-set}},
  year =         {2003--2016},
  note =         {Accessed: 2017-01-25}
}

@article{eidson2012distributed,
  title =        {{Distributed real-time software for cyber--physical systems}},
  author =       {Eidson, John C and Lee, Edward A and Matic, Slobodan and
                  Seshia, Sanjit A and Zou, Jia},
  journal =      {Proceedings of the IEEE},
  volume =       100,
  number =       1,
  pages =        {45--59},
  year =         2012,
  publisher =    {IEEE}
}

@incollection{eigner2018industrial,
  title =        {The Industrial Internet},
  author =       {Eigner, Martin},
  booktitle =    {The Internet of Things},
  pages =        {133--169},
  year =         2018,
  publisher =    {Springer}
}

@misc{electricimp,
  title =        {{Electric Imp}},
  howpublished = {\url{https://electricimp.com/}}
}

@inproceedings{eriksen2013your,
  title =        {{Your Server as a Function}},
  author =       {Eriksen, Marius},
  booktitle =    {Proceedings of the Seventh Workshop on Programming Languages
                  and Operating Systems},
  pages =        5,
  year =         2013,
  organization = {ACM}
}

@inproceedings{ess2007depth,
  title =        {Depth and appearance for mobile scene analysis},
  author =       {Ess, Andreas and Leibe, Bastian and Van Gool, Luc},
  booktitle =    {Computer Vision, 2007. ICCV 2007. IEEE 11th International
                  Conference on},
  pages =        {1--8},
  year =         2007,
  organization = {IEEE}
}

@article{evans2011internet,
  title =        {{The Internet of Things: How the Next Evolution of the
                  Internet is Changing Everything}},
  author =       {Evans, Dave},
  journal =      {CISCO white paper},
  volume =       1,
  year =         2011
}

@article{everingham2010pascal,
  author =       {Everingham, Mark and Gool, Luc and Williams, Christopher
                  K. and Winn, John and Zisserman, Andrew},
  title =        {The Pascal Visual Object Classes (VOC) Challenge},
  journal =      {Int. J. Comput. Vision},
  issue_date =   {June 2010},
  volume =       88,
  number =       2,
  month =        jun,
  year =         2010,
  issn =         {0920-5691},
  pages =        {303--338},
  numpages =     36,
  url =          {http://dx.doi.org/10.1007/s11263-009-0275-4},
  doi =          {10.1007/s11263-009-0275-4},
  acmid =        1747104,
  publisher =    {Kluwer Academic Publishers},
  address =      {Hingham, MA, USA},
  keywords =     {Benchmark, Database, Object detection, Object recognition},
}

@inproceedings{farrell2016meantime,
  title =        {{MEANTIME: Achieving Both Minimal Energy and Timeliness with
                  Approximate Computing}},
  author =       {Farrell, Anne and Hoffmann, Henry},
  booktitle =    {2016 USENIX Annual Technical Conference (USENIX ATC 16)},
  year =         2016,
  isbn =         {978-1-931971-30-0},
  address =      {Denver, CO},
  pages =        {421--435},
  url =
                  {https://www.usenix.org/conference/atc16/technical-sessions/presentation/farrell},
  publisher =    {USENIX Association},
}

@misc{fcc,
  title =        {{Measuring Broadband America}},
  howpublished = {\url{https://www.fcc.gov/general/measuring-broadband-america}},
}

@article{ferrari1990scheme,
  title =        {{A Scheme for Real-time Channel Establishment in Wide-area
                  Networks}},
  author =       {Ferrari, Domenico and Verma, Dinesh C},
  journal =      {IEEE journal on Selected Areas in communications},
  volume =       8,
  number =       3,
  pages =        {368--379},
  year =         1990,
  publisher =    {IEEE}
}

@misc{fitbit,
  title =        {{Fitbit}},
  howpublished = {\url{http://www.fitbit.com/}}
}

@article{flexray2005flexray,
  title =        {{FlexRay Communications System-protocol Specification}},
  author =       {FlexRay Consortium and others},
  journal =      {Version},
  volume =       2,
  number =       1,
  pages =        {198--207},
  year =         2005
}

@misc{ftc2015internet,
  author =       {FTC},
  title =        {{Internet of Things, Privacy \& Security in a Connected
                  World}},
  howpublished =
                  {\url{http://www.ftc.gov/system/files/documents/reports/federal-trade-commission-staff-report-november-2013-workshop-entitled-internet-things-privacy/150127iotrpt.pdf}},
  year =         2015
}

@article{gantz2012digital,
  title =        {{The Digital Universe in 2020: Big Data, Bigger Digital
                  Shadows, and Biggest Growth in the Far East}},
  author =       {Gantz, John and Reinsel, David},
  journal =      {IDC iView: IDC Analyze the future},
  volume =       2007,
  pages =        {1--16},
  year =         2012
}

@inproceedings{garofalakis2001approximate,
  author =       {Garofalakis, Minos N. and Gibbon, Phillip B.},
  title =        {{Approximate Query Processing: Taming the TeraBytes}},
  booktitle =    {Proceedings of the 27th International Conference on Very Large
                  Data Bases},
  series =       {VLDB '01},
  year =         2001,
  isbn =         {1-55860-804-4},
  pages =        {725--},
  url =          {http://dl.acm.org/citation.cfm?id=645927.672356},
  acmid =        672356,
  publisher =    {Morgan Kaufmann Publishers Inc.},
  address =      {San Francisco, CA, USA},
}

@misc{ge,
  author =       {GE},
  title =        {{Industrial Internet Insights}},
  howpublished = {\url{https://www.ge.com/digital/industrial-internet}},
  year =         2017,
  note =         {Accessed: 2017-09-23}
}

@misc{global2016telegeography,
  author =       {TeleGeography},
  title =        {{Global Internet Geography}},
  howpublished =
                  {\url{https://www.telegeography.com/research-services/global-internet-geography/}},
  year =         2016,
  note =         {Accessed: 2017-04-10}
}

@article{goel2008low,
  title =        {{Low-latency Adaptive Streaming over TCP}},
  author =       {Goel, Ashvin and Krasic, Charles and Walpole, Jonathan},
  journal =      {ACM Transactions on Multimedia Computing, Communications, and
                  Applications (TOMM)},
  volume =       4,
  number =       3,
  pages =        20,
  year =         2008,
  publisher =    {ACM},
  url =          {https://dl.acm.org/citation.cfm?id=1386113},
}

@book{goodfellow2016deep,
  title =        {{Deep Learning}},
  author =       {Goodfellow, Ian and Bengio, Yoshua and Courville, Aaron and
                  Bengio, Yoshua},
  volume =       1,
  year =         2016,
  publisher =    {MIT press Cambridge}
}

@misc{googleassistant,
  title =        {{Google Assistant}},
  author =       {Google},
  url =          {https://assistant.google.com},
  year =         2017,
  note =         {Accessed: 2017-08-05}
}

@misc{googlelens,
  title =        {{Google Lens}},
  author =       {Google},
  url =          {https://en.wikipedia.org/wiki/Google_Lens},
  year =         2017,
  note =         {Accessed: 2017-08-05}
}

@inproceedings{gordon2015accelerating,
  author =       {Gordon, Mark S. and Hong, David Ke and Chen, Peter M. and
                  Flinn, Jason and Mahlke, Scott and Mao, Zhuoqing Morley},
  title =        {{Accelerating Mobile Applications Through Flip-Flop
                  Replication}},
  booktitle =    {Proceedings of the 13th Annual International Conference on
                  Mobile Systems, Applications, and Services},
  series =       {MobiSys'15},
  year =         2015,
  isbn =         {978-1-4503-3494-5},
  location =     {Florence, Italy},
  pages =        {137--150},
  numpages =     14,
  url =          {http://doi.acm.org/10.1145/2742647.2742649},
  doi =          {10.1145/2742647.2742649},
  acmid =        2742649,
  publisher =    {ACM},
  address =      {New York, NY, USA},
}

@article{grange2016vp9,
  title =        {{VP9 Bitstream \& Decoding Process Specification}},
  author =       {Grange, Adrian and de Rivaz, Peter and Hunt, Jonathan},
  journal =      {Google, March},
  year =         2016
}

@inproceedings{grover2013peeking,
  title =        {{Peeking Behind the NAT: An Empirical Study of Home Networks}},
  author =       {Grover, Sarthak and Park, Mi Seon and Sundaresan, Srikanth and
                  Burnett, Sam and Kim, Hyojoon and Ravi, Bharath and Feamster,
                  Nick},
  booktitle =    {Proceedings of the 2013 Conference on Internet Measurement
                  Conference},
  series =       {IMC'13},
  year =         2013,
  isbn =         {978-1-4503-1953-9},
  location =     {Barcelona, Spain},
  pages =        {377--390},
  numpages =     14,
  url =          {http://doi.acm.org/10.1145/2504730.2504736},
  doi =          {10.1145/2504730.2504736},
  acmid =        2504736,
  publisher =    {ACM},
  address =      {New York, NY, USA},
  keywords =     {bismark, home networks},
}

@misc{grovestreams,
  title =        {{GroveStreams}},
  howpublished = {\url{https://www.grovestreams.com/}}
}

@misc{gstreamer,
  title =        {{GStreamer: Open Source Multimedia Framework}},
  author =       {Team, GStreamer},
  url =          {https://gstreamer.freedesktop.org/},
  year =         {2001--2017},
}

@inproceedings{gupta2014bolt,
  title =        {{Bolt: Data management for connected homes}},
  author =       {Gupta, Trinabh and Singh, Rayman Preet and Mahajan, Amar
                  Phanishayee Jaeyeon Jung Ratul},
  booktitle =    {Proceedings of the 11th USENIX Symposium on Networked Systems
                  Design and Implementation (NSDI 14)},
  pages =        {243--256},
  year =         2014
}

@article{gupta2014mesa,
  title =        {{Mesa: Geo-replicated, near real-time, scalable data
                  warehousing}},
  author =       {Gupta, Ashish and Yang, Fan and Govig, Jason and Kirsch, Adam
                  and Chan, Kelvin and Lai, Kevin and Wu, Shuo and Dhoot,
                  Sandeep Govind and Kumar, Abhilash Rajesh and Agiwal, Ankur
                  and others},
  journal =      {Proceedings of the VLDB Endowment},
  volume =       7,
  number =       12,
  pages =        {1259--1270},
  year =         2014,
  publisher =    {VLDB Endowment}
}

@misc{gupta2015household,
  author =       {Gupta, Sidhant and Larson, Eric and Patel, Shwetak},
  title =        {{Household Energy Dataset}},
  howpublished = {\url{http://ubicomplab.cs.washington.edu/projects/datasets}},
  year =         2015
}

@inproceedings{ha2014towards,
  author =       {Ha, Kiryong and Chen, Zhuo and Hu, Wenlu and Richter, Wolfgang
                  and Pillai, Padmanabhan and Satyanarayanan, Mahadev},
  title =        {{Towards Wearable Cognitive Assistance}},
  booktitle =    {Proceedings of the 12th Annual International Conference on
                  Mobile Systems, Applications, and Services},
  series =       {MobiSys'14},
  year =         2014,
  isbn =         {978-1-4503-2793-0},
  location =     {Bretton Woods, New Hampshire, USA},
  pages =        {68--81},
  numpages =     14,
  url =          {http://doi.acm.org/10.1145/2594368.2594383},
  doi =          {10.1145/2594368.2594383},
  acmid =        2594383,
  publisher =    {ACM},
  address =      {New York, NY, USA},
  keywords =     {cloud computing, cloud offload, cloudlet, cyber foraging,
                  google glass, mobile computing, virtual machine, wearable
                  computing},
}

@inproceedings{hao2017mittos,
  title =        {{MittOS: Supporting Millisecond Tail Tolerance with Fast
                  Rejecting SLO-Aware OS Interface}},
  author =       {Hao, Mingzhe and Li, Huaicheng and Tong, Michael Hao and
                  Pakha, Chrisma and Suminto, Riza O and Stuardo, Cesar A and
                  Chien, Andrew A and Gunawi, Haryadi S},
  booktitle =    {Proceedings of the 26th Symposium on Operating Systems
                  Principles},
  series =       {SOSP '17},
  year =         2017,
  isbn =         {978-1-4503-5085-3},
  location =     {Shanghai, China},
  pages =        {168--183},
  numpages =     16,
  url =          {http://doi.acm.org/10.1145/3132747.3132774},
  doi =          {10.1145/3132747.3132774},
  acmid =        3132774,
  publisher =    {ACM},
  address =      {New York, NY, USA},
  keywords =     {Data-parallel frameworks, SLO, low latency, operating system,
                  performance, real-time, tail tolerance},
}

@article{hart1992nonintrusive,
  title =        {{Nonintrusive Appliance Load Monitoring}},
  author =       {Hart, George William},
  journal =      {Proceedings of the IEEE},
  volume =       80,
  number =       12,
  pages =        {1870--1891},
  year =         1992,
  publisher =    {IEEE}
}

@article{hartmann2013designing,
  title =        {{Designing bespoke interactive devices}},
  author =       {Hartmann, Bjorn and Wright, Paul K},
  journal =      {Computer},
  number =       8,
  pages =        {85--89},
  year =         2013,
  publisher =    {IEEE}
}

@inproceedings{he2016deep,
  title =        {{Deep Residual Learning for Image Recognition}},
  author =       {He, Kaiming and Zhang, Xiangyu and Ren, Shaoqing and Sun,
                  Jian},
  booktitle =    {Proceedings of the IEEE conference on computer vision and
                  pattern recognition},
  pages =        {770--778},
  year =         2016
}

@inproceedings{heintz2015towards,
  title =        {{Towards Optimizing Wide-Area Streaming Analytics}},
  author =       {Heintz, Benjamin and Chandra, Abhishek and Sitaraman, Ramesh
                  K},
  booktitle =    {Cloud Engineering (IC2E), 2015 IEEE International Conference
                  on},
  pages =        {452--457},
  year =         2015,
  organization = {IEEE}
}

@inproceedings{hellerstein1997online,
  author =       {Hellerstein, Joseph M. and Haas, Peter J. and Wang, Helen J.},
  title =        {{Online Aggregation}},
  booktitle =    {Proceedings of the 1997 ACM SIGMOD International Conference on
                  Management of Data},
  series =       {SIGMOD'97},
  year =         1997,
  isbn =         {0-89791-911-4},
  location =     {Tucson, Arizona, USA},
  pages =        {171--182},
  numpages =     12,
  url =          {http://doi.acm.org/10.1145/253260.253291},
  doi =          {10.1145/253260.253291},
  acmid =        253291,
  publisher =    {ACM},
  address =      {New York, NY, USA},
}

@inproceedings{hernandez2016predictive,
  title =        {{Predictive Entropy Search for Multi-Objective Bayesian
                  Optimization}},
  author =       {Hern{\'a}ndez-Lobato, Daniel and Hernandez-Lobato, Jose and
                  Shah, Amar and Adams, Ryan},
  booktitle =    {International Conference on Machine Learning},
  pages =        {1492--1501},
  year =         2016
}

@inproceedings{hicks2003user,
  title =        {User-specified adaptive scheduling in a streaming media
                  network},
  author =       {Hicks, Michael and Nagarajan, Adithya and van Renesse,
                  Robbert},
  booktitle =    {2003 IEEE Conference onOpen Architectures and Network
                  Programming},
  pages =        {87--96},
  year =         2003,
  organization = {IEEE},
  doi =          {10.1109/OPNARC.2003.1196376}
}

@inproceedings{hindman2011mesos,
  title =        {{Mesos: A Platform for Fine-Grained Resource Sharing in the
                  Data Center}},
  author =       {Hindman, Benjamin and Konwinski, Andy and Zaharia, Matei and
                  Ghodsi, Ali and Joseph, Anthony D and Katz, Randy H and
                  Shenker, Scott and Stoica, Ion},
  booktitle =    {NSDI},
  volume =       11,
  number =       2011,
  pages =        {22--22},
  year =         2011
}

@misc{hls.js,
  author =       {video-dev},
  title =        {hls.js},
  year =         2017,
  publisher =    {GitHub},
  journal =      {GitHub repository},
  howpublished = {\url{https://github.com/video-dev/hls.js}},
  note =         {Accessed: 2017-09-20}
}

@inproceedings{hnat2011hitchhiker,
  title =        {{The hitchhiker's guide to successful residential sensing
                  deployments}},
  author =       {Hnat, Timothy W and Srinivasan, Vijay and Lu, Jiakang and
                  Sookoor, Tamim I and Dawson, Raymond and Stankovic, John and
                  Whitehouse, Kamin},
  booktitle =    {Proceedings of the 9th ACM Conference on Embedded Networked
                  Sensor Systems},
  pages =        {232--245},
  year =         2011,
  organization = {ACM}
}

@inproceedings{hong2014smartphone,
  title =        {{A smartphone-based sensing platform to model aggressive
                  driving behaviors}},
  author =       {Hong, Jin-Hyuk and Margines, Ben and Dey, Anind K},
  booktitle =    {Proceedings of the 32nd annual ACM conference on Human factors
                  in computing systems},
  pages =        {4047--4056},
  year =         2014,
  organization = {ACM}
}

@inproceedings{hsieh17gaia,
  title =        {{Gaia: Geo-Distributed Machine Learning Approaching LAN
                  Speeds}},
  author =       {Hsieh, Kevin and Harlap, Aaron and Vijaykumar, Nandita and
                  Konomis, Dimitris and Ganger, Gregory R and Gibbons, Phillip B
                  and Mutlu, Onur},
  booktitle =    {14th USENIX Symposium on Networked Systems Design and
                  Implementation (NSDI 17)},
  url =
                  {https://www.usenix.org/conference/nsdi17/technical-sessions/presentation/hsieh},
  publisher =    {USENIX Association},
  organization = {USENIX Association},
  year =         2017,
}

@misc{htb,
  title =        {{HTB Home}},
  author =       {Devera, Martin},
  year =         {2001--2003},
  howpublished = {\url{http://luxik.cdi.cz/~devik/qos/htb/}},
  note =         {Accessed: 2017-04-08}
}

@inproceedings{huang2012confused,
  author =       {Huang, Te-Yuan and Handigol, Nikhil and Heller, Brandon and
                  McKeown, Nick and Johari, Ramesh},
  title =        {{Confused, Timid, and Unstable: Picking a Video Streaming Rate
                  is Hard}},
  booktitle =    {Proceedings of the 2012 Internet Measurement Conference},
  series =       {IMC '12},
  year =         2012,
  isbn =         {978-1-4503-1705-4},
  location =     {Boston, Massachusetts, USA},
  pages =        {225--238},
  numpages =     14,
  url =          {http://doi.acm.org/10.1145/2398776.2398800},
  doi =          {10.1145/2398776.2398800},
  acmid =        2398800,
  publisher =    {ACM},
  address =      {New York, NY, USA},
  keywords =     {http-based video streaming, video rate adaptation},
}

@inproceedings{huang2014buffer,
  author =       {Huang, Te-Yuan and Johari, Ramesh and McKeown, Nick and
                  Trunnell, Matthew and Watson, Mark},
  title =        {{A Buffer-based Approach to Rate Adaptation: Evidence from a
                  Large Video Streaming Service}},
  booktitle =    {Proceedings of the 2014 ACM Conference on SIGCOMM},
  series =       {SIGCOMM'14},
  year =         2014,
  isbn =         {978-1-4503-2836-4},
  location =     {Chicago, Illinois, USA},
  pages =        {187--198},
  numpages =     12,
  url =          {http://doi.acm.org/10.1145/2619239.2626296},
  doi =          {10.1145/2619239.2626296},
  acmid =        2626296,
  publisher =    {ACM},
  address =      {New York, NY, USA},
  keywords =     {http-based video streaming, video rate adaptation algorithm},
}

@article{huang2016speed,
  title =        {{Speed/accuracy Trade-offs for Modern Convolutional Object
                  Detectors}},
  author =       {Huang, Jonathan and Rathod, Vivek and Sun, Chen and Zhu,
                  Menglong and Korattikara, Anoop and Fathi, Alireza and
                  Fischer, Ian and Wojna, Zbigniew and Song, Yang and
                  Guadarrama, Sergio and others},
  journal =      {arXiv preprint arXiv:1611.10012},
  year =         2016
}

@inproceedings{hull2006cartel,
  title =        {{CarTel: a distributed mobile sensor computing system}},
  author =       {Hull, Bret and Bychkovsky, Vladimir and Zhang, Yang and Chen,
                  Kevin and Goraczko, Michel and Miu, Allen and Shih, Eugene and
                  Balakrishnan, Hari and Madden, Samuel},
  booktitle =    {Proceedings of the 4th international conference on Embedded
                  networked sensor systems},
  pages =        {125--138},
  year =         2006,
  organization = {ACM}
}

@inproceedings{hung2015scheduling,
  title =        {Scheduling jobs across geo-distributed datacenters},
  author =       {Hung, Chien-Chun and Golubchik, Leana and Yu, Minlan},
  booktitle =    {Proceedings of the Sixth ACM Symposium on Cloud Computing},
  pages =        {111--124},
  year =         2015,
  organization = {ACM},
  url =          {https://dl.acm.org/citation.cfm?id=2806780}
}

@article{index2013zettabyte,
  title =        {{The Zettabyte Era: Trends and Analysis}},
  author =       {Index, Cisco Visual Networking},
  journal =      {Cisco white paper},
  year =         2013,
  howpublished =
                  {\url{http://www.cisco.com/c/en/us/solutions/collateral/service-provider/visual-networking-index-vni/vni-hyperconnectivity-wp.html}},
}

@misc{intel2011architecture,
  title =        {{Intel Architecture at the Edge for Greater Flexibility and
                  Scalability}},
  howpublished =
                  {\url{http://www.intel.com/content/dam/www/public/us/en/documents/solution-briefs/communications-intel-architecture-brief.pdf}},
  year =         2011
}

@misc{iperf3,
  author =       {ESnet},
  title =        {{iPerf: The TCP/UDP bandwidth measurement tool}},
  howpublished = {\url{http://software.es.net/iperf/}},
  year =         {2014-2017},
  note =         {Accessed: 2017-03-07}
}

@inproceedings{jacobson1988congestion,
  title =        {{Congestion Avoidance and Control}},
  author =       {Jacobson, Van},
  booktitle =    {ACM SIGCOMM computer communication review},
  volume =       18,
  number =       4,
  pages =        {314--329},
  year =         1988,
  organization = {ACM}
}

@misc{janos,
  title =        {{JanOS: Turn your phone into an IoT board}},
  howpublished = {\url{http://janos.io/}},
}

@article{johas2013heterogeneous,
  title =        {{Heterogeneous Networks for Audio and Video: Using IEEE 802.1
                  Audio Video Bridging}},
  author =       {JOHAS TEENER, Michael D and Fredette, Andre N and Boiger,
                  Christian and Klein, Philippe and Gunther, Craig and Olsen,
                  David and Stanton, Kevin},
  journal =      {Proceedings of the IEEE},
  volume =       101,
  number =       11,
  pages =        {2339--2354},
  year =         2013,
  publisher =    {Institute of Electrical and Electronics Engineers}
}

@article{jouppi2017datacenter,
  title =        {{In-datacenter Performance Analysis of a Tensor Processing
                  Unit}},
  author =       {Jouppi, Norman P and Young, Cliff and Patil, Nishant and
                  Patterson, David and Agrawal, Gaurav and Bajwa, Raminder and
                  Bates, Sarah and Bhatia, Suresh and Boden, Nan and Borchers,
                  Al and others},
  journal =      {arXiv preprint arXiv:1704.04760},
  year =         2017
}

@inproceedings{kahn1999next,
  title =        {{Next Century Challenges: Mobile Networking for "Smart Dust"}},
  author =       {Kahn, Joseph M and Katz, Randy H and Pister, Kristofer SJ},
  booktitle =    {Proceedings of the 5th annual ACM/IEEE international
                  conference on Mobile computing and networking},
  pages =        {271--278},
  year =         1999,
  organization = {ACM}
}

@book{karger2010scheduling,
  author =       {Karger, David and Stein, Cliff and Wein, Joel},
  chapter =      {{Scheduling Algorithms}},
  title =        {Algorithms and Theory of Computation Handbook},
  year =         2010,
  isbn =         {978-1-58488-820-8},
  pages =        {20--20},
  numpages =     1,
  url =          {http://dl.acm.org/citation.cfm?id=1882723.1882743},
  acmid =        1882743,
  publisher =    {Chapman \& Hall/CRC},
}

@article{kelly2015uk,
  title =        {{The UK-DALE Dataset, Domestic Appliance-level Electricity
                  Demand and Whole-house Demand from Five UK Homes}},
  author =       {Kelly, Jack and Knottenbelt, William},
  journal =      {Scientific data},
  volume =       2,
  pages =        150007,
  year =         2015,
  publisher =    {Nature Publishing Group}
}

@misc{kickstarter,
  title =        {{KickStarter}},
  howpublished = {\url{https://www.kickstarter.com/}},
}

@inproceedings{kim2007health,
  title =        {{Health Monitoring of Civil Infrastructures Using Wireless
                  Sensor Networks}},
  author =       {Kim, Sukun and Pakzad, Shamim and Culler, David and Demmel,
                  James and Fenves, Gregory and Glaser, Steven and Turon,
                  Martin},
  booktitle =    {Proceedings of the 6th international conference on Information
                  processing in sensor networks},
  pages =        {254--263},
  year =         2007,
  organization = {ACM}
}

@phdthesis{kim2017securing,
  Author =       {Kim, Hokeun},
  Title =        {{Securing the Internet of Things via Locally Centralized,
                  Globally Distributed Authentication and Authorization}},
  School =       {EECS Department, University of California, Berkeley},
  Year =         2017,
  Month =        {Aug},
  URL =
                  {http://www2.eecs.berkeley.edu/Pubs/TechRpts/2017/EECS-2017-139.html},
  Number =       {UCB/EECS-2017-139}
}

@misc{king2009cisco,
  title =        {Cisco IP Video Surveillance Design Guide},
  author =       {King, Joel W},
  year =         2009,
  howpublished =
                  {\url{https://www.cisco.com/c/en/us/td/docs/solutions/Enterprise/Video/IPVS/IPVS_DG/IPVS-DesignGuide.pdf}},
}

@article{kloudas2015pixida,
  title =        {{Pixida: optimizing data parallel jobs in wide-area data
                  analytics}},
  author =       {Kloudas, Konstantinos and Mamede, Margarida and
                  Pregui{\c{c}}a, Nuno and Rodrigues, Rodrigo},
  journal =      {Proceedings of the VLDB Endowment},
  volume =       9,
  number =       2,
  pages =        {72--83},
  year =         2015,
  publisher =    {VLDB Endowment},
  url =          {https://dl.acm.org/citation.cfm?id=2850582}
}

@article{knowles2006parego,
  title =        {{ParEGO: A Hybrid Algorithm with On-line Landscape
                  Approximation for Expensive Multiobjective Optimization
                  Problems}},
  author =       {Knowles, Joshua},
  journal =      {IEEE Transactions on Evolutionary Computation},
  volume =       10,
  number =       1,
  pages =        {50--66},
  year =         2006,
  publisher =    {IEEE}
}

@inproceedings{kolter2011redd,
  title =        {{REDD: A public data set for energy disaggregation research}},
  author =       {Kolter, J Zico and Johnson, Matthew J},
  booktitle =    {Workshop on Data Mining Applications in Sustainability
                  (SIGKDD), San Diego, CA},
  volume =       25,
  pages =        {59--62},
  year =         2011,
  organization = {Citeseer}
}

@inproceedings{krioukov2012building,
  author =       {Krioukov, Andrew and Fierro, Gabe and Kitaev, Nikita and
                  Culler, David},
  title =        {{Building Application Stack (BAS)}},
  booktitle =    {Proceedings of the Fourth ACM Workshop on Embedded Sensing
                  Systems for Energy-Efficiency in Buildings},
  series =       {BuildSys '12},
  year =         2012,
  isbn =         {978-1-4503-1170-0},
  location =     {Toronto, Ontario, Canada},
  pages =        {72--79},
  numpages =     8,
  url =          {http://doi.acm.org/10.1145/2422531.2422546},
  doi =          {10.1145/2422531.2422546},
  acmid =        2422546,
  publisher =    {ACM},
  address =      {New York, NY, USA},
  keywords =     {building applications, controls, energy efficiency},
}

@inproceedings{krizhevsky2012imagenet,
  title =        {{Imagenet Classification with Deep Convolutional Neural
                  Networks}},
  author =       {Krizhevsky, Alex and Sutskever, Ilya and Hinton, Geoffrey E},
  booktitle =    {Advances in neural information processing systems},
  pages =        {1097--1105},
  year =         2012
}

@article{kubiatowicz2000oceanstore,
  title =        {{Oceanstore: An architecture for global-scale persistent
                  storage}},
  author =       {Kubiatowicz, John and Bindel, David and Chen, Yan and
                  Czerwinski, Steven and Eaton, Patrick and Geels, Dennis and
                  Gummadi, Ramakrishan and Rhea, Sean and Weatherspoon, Hakim
                  and Weimer, Westley and others},
  journal =      {ACM Sigplan Notices},
  volume =       35,
  number =       11,
  pages =        {190--201},
  year =         2000,
  publisher =    {ACM}
}

@inproceedings{kumar2015bwe,
  title =        {BwE: Flexible, hierarchical bandwidth allocation for WAN
                  distributed computing},
  author =       {Kumar, Alok and Jain, Sushant and Naik, Uday and Raghuraman,
                  Anand and Kasinadhuni, Nikhil and Zermeno, Enrique Cauich and
                  Gunn, C Stephen and Ai, Jing and Carlin, Bj{\"o}rn and
                  Amarandei-Stavila, Mihai and others},
  booktitle =    {ACM SIGCOMM Computer Communication Review},
  volume =       45,
  number =       4,
  pages =        {1--14},
  year =         2015,
  organization = {ACM}
}

@book{kuniavsky2010smart,
  title =        {{Smart Things: Ubiquitous Computing User Experience Design:
                  Ubiquitous Computing User Experience Design}},
  author =       {Kuniavsky, Mike},
  year =         2010,
  publisher =    {Elsevier}
}

@inproceedings{laput2017synthetic,
  title =        {{Synthetic Sensors: Towards General-Purpose Sensing}},
  author =       {Laput, Gierad and Zhang, Yang and Harrison, Chris},
  booktitle =    {Proceedings of the 2017 CHI Conference on Human Factors in
                  Computing Systems},
  pages =        {3986--3999},
  year =         2017,
  organization = {ACM}
}

@misc{lartc,
  title =        {{Linux Advanced Routing \& Traffic Control}},
  author =       {Hubert, Bert},
  year =         2002,
  howpublished = {\url{http://lartc.org/}},
  note =         {Accessed: 2017-04-06}
}

@article{lasi2014industry,
  title =        {{Industry 4.0}},
  author =       {Lasi, Heiner and Fettke, Peter and Kemper, Hans-Georg and
                  Feld, Thomas and Hoffmann, Michael},
  journal =      {Business \& Information Systems Engineering},
  volume =       6,
  number =       4,
  pages =        {239--242},
  year =         2014,
  publisher =    {Springer}
}

@ARTICLE{latronico2015vision,
  author =       {Latronico, E. and Lee, E. and Lohstroh, M. and Shaver, C. and
                  Wasicek, A. and Weber, M.},
  journal =      {Internet Computing, IEEE},
  title =        {{A Vision of Swarmlets}},
  year =         2015,
  volume =       {PP},
  number =       99,
  pages =        {1-1},
  keywords =     {Browsers;Internet;Protocols;Robots;Sensors;Software;Standards},
  doi =          {10.1109/MIC.2015.17},
  ISSN =         {1089-7801},
}

@inproceedings{lattuada2016faucet,
  title =        {{Faucet: a User-Level, Modular Technique for Flow Control in
                  Dataflow Engines}},
  author =       {Lattuada, Andrea and McSherry, Frank and Chothia, Zaheer},
  booktitle =    {Proceedings of the 3rd ACM SIGMOD Workshop on Algorithms and
                  Systems for MapReduce and Beyond},
  pages =        2,
  year =         2016,
  organization = {ACM}
}

@article{lecun1998mnist,
  title =        {The MNIST database of handwritten digits},
  author =       {LeCun, Yann},
  journal =      {http://yann. lecun. com/exdb/mnist/},
  year =         1998
}

@techreport{lee2012terraswarm,
  Author =       {Lee, Edward A. and Kubiatowicz, John D. and Rabaey, Jan M. and
                  Sangiovanni-Vincentelli, Alberto L. and Seshia, Sanjit A. and
                  Wawrzynek, John and Blaauw, David and Dutta, Prabal and Fu,
                  Kevin and Guestrin, Carlos and Jafari, Roozbeh and Jones, Doug
                  and Kumar, Vijay and Murray, Richard and Pappas, George and
                  Rowe, Anthony and Sechen, Carl M. and Rosing, Tajana Simunic
                  and Taskar, Ben and Wessel, David},
  Title =        {The TerraSwarm Research Center (TSRC) (A White Paper)},
  Institution =  {EECS Department, University of California, Berkeley},
  Year =         2012,
  Month =        {Nov},
  URL =
                  {http://www2.eecs.berkeley.edu/Pubs/TechRpts/2012/EECS-2012-207.html},
  Number =       {UCB/EECS-2012-207},
}

@article{lee2014swarm,
  title =        {{The Swarm at the Edge of the Cloud}},
  author =       {Lee, Edward A and Rabaey, Jan and Blaauw, D and Dutta, P and
                  Fu, K and Guestrin, C and Hartmann, B and Jafari, R and Jones,
                  D and Kubiatowicz, J and others},
  year =         2014,
  publisher =    {IEEE}
}
}

@article{lee2015past,
  title =        {The past, present and future of cyber-physical systems: A
                  focus on models},
  author =       {Lee, Edward A},
  journal =      {Sensors},
  volume =       15,
  number =       3,
  pages =        {4837--4869},
  year =         2015,
  publisher =    {Multidisciplinary Digital Publishing Institute}
}

@inproceedings{lee2016iot,
  title =        {{IoT and CPS: A Focus on Modeling}},
  author =       {Lee, Edward A.},
  booktitle =    {U.S.-German Workshop on the Internet of Things (IoT) /
                  Cyber-Physical Systems (CPS)},
  year =         2016,
}

@article{lee2018real,
  title =        {{What Is Real Time Computing? A Personal View}},
  author =       {Lee, Edward A},
  journal =      {IEEE DESIGN AND TEST},
  volume =       35,
  number =       2,
  pages =        {64--72},
  year =         2018,
  publisher =    {IEEE}
}

@inproceedings{li2010cloudcmp,
  author =       {Li, Ang and Yang, Xiaowei and Kandula, Srikanth and Zhang,
                  Ming},
  title =        {{CloudCmp: Comparing Public Cloud Providers}},
  booktitle =    {Proceedings of the 10th ACM SIGCOMM Conference on Internet
                  Measurement},
  series =       {IMC'10},
  year =         2010,
  isbn =         {978-1-4503-0483-2},
  location =     {Melbourne, Australia},
  pages =        {1--14},
  numpages =     14,
  url =          {http://doi.acm.org/10.1145/1879141.1879143},
  doi =          {10.1145/1879141.1879143},
  acmid =        1879143,
  publisher =    {ACM},
  address =      {New York, NY, USA},
  keywords =     {cloud computing, comparison, cost, performance},
}

@inproceedings{liu2011data,
  title =        {{The data furnace: heating up with cloud computing}},
  author =       {Liu, Jie and Goraczko, Michel and James, Sean and Belady,
                  Christian and Lu, Jiakang and Whitehouse, Kamin},
  booktitle =    {Proceedings of the 3rd USENIX conference on Hot topics in
                  cloud computing, HotCloud},
  volume =       11,
  pages =        {15--15},
  year =         2011
}

@misc{london.surveillance,
  title =        {{One nation under CCTV: the future of automated surveillance}},
  author =       {Temperton, James},
  howpublished = {\url{http://www.wired.co.uk/article/one-nation-under-cctv}},
  year =         2015,
  booktitle =    {Wired},
  note =         {Accessed: 2017-01-27}
}

@article{lowe2004distinctive,
  title =        {{Distinctive Image Features from Scale-Invariant Keypoints}},
  author =       {Lowe, David G.},
  journal =      {Int. J. Comput. Vision},
  issue_date =   {November 2004},
  volume =       60,
  number =       2,
  month =        nov,
  year =         2004,
  issn =         {0920-5691},
  pages =        {91--110},
  numpages =     20,
  url =          {http://dx.doi.org/10.1023/B:VISI.0000029664.99615.94},
  doi =          {10.1023/B:VISI.0000029664.99615.94},
  acmid =        996342,
  publisher =    {Kluwer Academic Publishers},
  address =      {Hingham, MA, USA},
  keywords =     {image matching, invariant features, object recognition, scale
                  invariance},
}

@inproceedings{lu2010jigsaw,
  title =        {{The Jigsaw Continuous Sensing Engine for Mobile Phone
                  Applications}},
  author =       {Lu, Hong and Yang, Jun and Liu, Zhigang and Lane, Nicholas D
                  and Choudhury, Tanzeem and Campbell, Andrew T},
  booktitle =    {Proceedings of the 8th ACM Conference on Embedded Networked
                  Sensor Systems},
  series =       {SenSys'10},
  year =         2010,
  isbn =         {978-1-4503-0344-6},
  location =     {Z\&\#252;rich, Switzerland},
  pages =        {71--84},
  numpages =     14,
  url =          {http://doi.acm.org/10.1145/1869983.1869992},
  doi =          {10.1145/1869983.1869992},
  acmid =        1869992,
  publisher =    {ACM},
  address =      {New York, NY, USA}
}

@inproceedings{lu2015surpassing,
  author =       {Lu, Chaochao and Tang, Xiaoou},
  title =        {{Surpassing Human-level Face Verification Performance on LFW
                  with Gaussian Face}},
  booktitle =    {Proceedings of the Twenty-Ninth AAAI Conference on Artificial
                  Intelligence},
  series =       {AAAI'15},
  year =         2015,
  isbn =         {0-262-51129-0},
  location =     {Austin, Texas},
  pages =        {3811--3819},
  numpages =     9,
  url =          {https://dl.acm.org/citation.cfm?id=2888245},
  acmid =        2888245,
  publisher =    {AAAI Press},
}

@inproceedings{ma2014feasibility,
  title =        {{On the feasibility of data loss insurance for personal cloud
                  storage}},
  author =       {Ma, Xiaosong},
  booktitle =    {Proceedings of the 6th USENIX conference on Hot Topics in
                  Storage and File Systems},
  pages =        {2--2},
  year =         2014,
  organization = {USENIX Association}
}

@article{maas2016taurus,
  title =        {{Taurus: A Holistic Language Runtime System for Coordinating
                  Distributed Managed-Language Applications}},
  author =       {Maas, Martin and Asanovi{\'c}, Krste and Harris, Tim and
                  Kubiatowicz, John},
  journal =      {ACM SIGOPS Operating Systems Review},
  volume =       50,
  number =       2,
  pages =        {457--471},
  year =         2016,
  publisher =    {ACM}
}

@inproceedings{mao2017neural,
  title =        {{Neural Adaptive Video Streaming with Pensieve}},
  author =       {Mao, Hongzi and Netravali, Ravi and Alizadeh, Mohammad},
  booktitle =    {Proceedings of the Conference of the ACM Special Interest
                  Group on Data Communication},
  pages =        {197--210},
  year =         2017,
  organization = {ACM}
}

@misc{mbed,
  title =        {{ARM mbed}},
  howpublished = {\url{https://mbed.org/}}
}

@article{michalos2012dynamic,
  title =        {{Dynamic Adaptive Streaming over HTTP}},
  author =       {Michalos, MG and Kessanidis, SP and Nalmpantis, SL},
  journal =      {Journal of Engineering Science and Technology Review},
  volume =       5,
  number =       2,
  pages =        {30--34},
  year =         2012
}

@article{middleton2013forecast,
  title =        {{Forecast: The internet of things, worldwide, 2013}},
  author =       {Middleton, Peter and Kjeldsen, Peter and Tully, Jim},
  journal =      {Gartner Research},
  year =         2013
}

@article{milan2016mot16,
  title =        {{MOT16: A Benchmark for Multi-Object Tracking}},
  author =       {Milan, Anton and Leal-Taix{\'e}, Laura and Reid, Ian and Roth,
                  Stefan and Schindler, Konrad},
  journal =      {arXiv preprint arXiv:1603.00831},
  year =         2016,
  url =          {https://motchallenge.net/},
}

@inproceedings{miller1968response,
  title =        {{Response Time in Man-computer Conversational Transactions}},
  author =       {Miller, Robert B},
  booktitle =    {Proceedings of the December 9-11, 1968, fall joint computer
                  conference, part I},
  pages =        {267--277},
  year =         1968,
  organization = {ACM}
}

@article{mor2016toward,
  title =        {{Toward a Global Data Infrastructure}},
  author =       {Mor, Nitesh and Zhang, Ben and Kolb, John and Chan, Douglas S
                  and Goyal, Nikhil and Sun, Nicholas and Lutz, Ken and Allman,
                  Eric and Wawrzynek, John and Lee, Edward A and others},
  journal =      {IEEE Internet Computing},
  volume =       20,
  number =       3,
  pages =        {54--62},
  year =         2016,
  publisher =    {IEEE}
}

@article{mukerjee2015practical,
  title =        {{Practical, Real-time Centralized Control for CDN-based Live
                  Video Delivery}},
  author =       {Mukerjee, Matthew K and Naylor, David and Jiang, Junchen and
                  Han, Dongsu and Seshan, Srinivasan and Zhang, Hui},
  journal =      {ACM SIGCOMM Computer Communication Review},
  volume =       45,
  number =       4,
  pages =        {311--324},
  year =         2015,
  publisher =    {ACM},
  url =          {https://dl.acm.org/citation.cfm?id=2787475},
}

@inproceedings{muthitacharoen2001low,
  author =       {Muthitacharoen, Athicha and Chen, Benjie and Mazi\`{e}res,
                  David},
  title =        {{A Low-bandwidth Network File System}},
  booktitle =    {Proceedings of the Eighteenth ACM Symposium on Operating
                  Systems Principles},
  series =       {SOSP'01},
  year =         2001,
  isbn =         {1-58113-389-8},
  location =     {Banff, Alberta, Canada},
  pages =        {174--187},
  numpages =     14,
  url =          {http://doi.acm.org/10.1145/502034.502052},
  doi =          {10.1145/502034.502052},
  acmid =        502052,
  publisher =    {ACM},
  address =      {New York, NY, USA},
}

@misc{nginx-ts-module,
  author =       {Roman Arutyunyan},
  title =        {nginx-ts-module},
  year =         2017,
  publisher =    {GitHub},
  journal =      {GitHub repository},
  howpublished = {\url{https://github.com/arut/nginx-ts-module}},
  note =         {Accessed: 2017-09-20}
}

@book{nielsen1994usability,
  title =        {Usability Engineering},
  author =       {Nielsen, Jakob},
  year =         1994,
  publisher =    {Elsevier}
}

@inproceedings{nikravesh2014mobile,
  title =        {{Mobile Network Performance from User Devices: A Longitudinal,
                  Multidimensional Analysis}},
  author =       {Nikravesh, Ashkan and Choffnes, David R and Katz-Bassett,
                  Ethan and Mao, Z Morley and Welsh, Matt},
  booktitle =    {Proceedings of the 15th International Conference on Passive
                  and Active Measurement - Volume 8362},
  series =       {PAM 2014},
  year =         2014,
  isbn =         {978-3-319-04917-5},
  location =     {Los Angeles, CA, USA},
  pages =        {12--22},
  numpages =     11,
  url =          {http://dx.doi.org/10.1007/978-3-319-04918-2_2},
  doi =          {10.1007/978-3-319-04918-2_2},
  acmid =        2722268,
  publisher =    {Springer-Verlag New York, Inc.},
  address =      {New York, NY, USA},
}

@misc{ninja,
  title =        {{Ninja Blocks}},
  howpublished = {\url{https://ninjablocks.com/}}
}

@misc{nodered,
  title =        {{Node-RED, A visual tool for wiring the Internet of Things}},
  howpublished = {\url{http://nodered.org/}},
  year =         2015
}

@inproceedings{oh2011large,
  title =        {{A Large-scale Benchmark Dataset for Event Recognition in
                  Surveillance Video}},
  author =       {Oh, Sangmin and Hoogs, Anthony and Perera, Amitha and Cuntoor,
                  Naresh and Chen, Chia-Chih and Lee, Jong Taek and Mukherjee,
                  Saurajit and Aggarwal, JK and Lee, Hyungtae and Davis, Larry
                  and others},
  booktitle =    {Proceedings of the 2011 IEEE Conference on Computer Vision and
                  Pattern Recognition},
  series =       {CVPR '11},
  year =         2011,
  isbn =         {978-1-4577-0394-2},
  pages =        {3153--3160},
  numpages =     8,
  url =          {http://dx.doi.org/10.1109/CVPR.2011.5995586},
  doi =          {10.1109/CVPR.2011.5995586},
  acmid =        2192114,
  publisher =    {IEEE Computer Society},
  address =      {Washington, DC, USA},
  keywords =     {surveillance video, large-scale video dataset, diverse visual
                  event recognition algorithm, continuous visual event
                  recognition, outdoor scenes, moving object tracks, evaluation
                  metrics, computer vision, CVER tasks},
}

@article{olston2017tensorflow,
  title =        {{TensorFlow-Serving: Flexible, High-performance ML Serving}},
  author =       {Olston, Christopher and Fiedel, Noah and Gorovoy, Kiril and
                  Harmsen, Jeremiah and Lao, Li and Li, Fangwei and Rajashekhar,
                  Vinu and Ramesh, Sukriti and Soyke, Jordan},
  journal =      {arXiv preprint arXiv:1712.06139},
  year =         2017
}

@article{opencvlibrary,
  title =        {{The OpenCV Library}},
  author =       {Bradski, G.},
  citeulike-article-id =2236121,
  journal =      {Doctor Dobbs Journal},
  keywords =     {bibtex-import},
  posted-at =    {2008-01-15 19:21:54},
  priority =     4,
  year =         {2000--2017},
  url =          {http://opencv.org},
}

@article{palmisano2008smarter,
  title =        {A smarter planet: the next leadership agenda},
  author =       {Palmisano, Samuel J},
  journal =      {IBM. November},
  volume =       6,
  pages =        {1--8},
  year =         2008
}

@misc{pantos2016http,
  title =        {{HTTP Live Streaming}},
  author =       {Pantos, Roger and May, William},
  publisher =    {IETF},
  url =
                  {https://tools.ietf.org/html/draft-pantos-http-live-streaming-19},
  year =         2016
}

@inproceedings{parkhi2015deep,
  title =        {{Deep Face Recognition}},
  author =       {Parkhi, Omkar M and Vedaldi, Andrea and Zisserman, Andrew},
  year =         2015,
  month =        {September},
  pages =        {41.1-41.12},
  articleno =    41,
  numpages =     12,
  booktitle =    {Proceedings of the British Machine Vision Conference (BMVC)},
  publisher =    {BMVA Press},
  doi =          {10.5244/C.29.41},
  isbn =         {1-901725-53-7},
  url =          {https://dx.doi.org/10.5244/C.29.41}
}

@book{patel2007flick,
  title =        {{At the flick of a switch: Detecting and classifying unique
                  electrical events on the residential power line}},
  author =       {Patel, Shwetak N and Robertson, Thomas and Kientz, Julie A and
                  Reynolds, Matthew S and Abowd, Gregory D},
  year =         2007,
  publisher =    {Springer}
}

@inproceedings{pu2015low,
  title =        {{Low Latency Geo-Distributed Data Analytics}},
  author =       {Pu, Qifan and Ananthanarayanan, Ganesh and Bodik, Peter and
                  Kandula, Srikanth and Akella, Aditya and Bahl, Paramvir and
                  Stoica, Ion},
  booktitle =    {Proceedings of the 2015 ACM Conference on Special Interest
                  Group on Data Communication},
  series =       {SIGCOMM '15},
  year =         2015,
  isbn =         {978-1-4503-3542-3},
  location =     {London, United Kingdom},
  pages =        {421--434},
  numpages =     14,
  url =          {http://doi.acm.org/10.1145/2785956.2787505},
  doi =          {10.1145/2785956.2787505},
  acmid =        2787505,
  publisher =    {ACM},
  address =      {New York, NY, USA},
  keywords =     {data analytics, geo-distributed, low latency, network aware,
                  wan analytics},
}

@misc{puppeteer,
  author =       {{Google Chrome}},
  title =        {Puppeteer},
  year =         2017,
  publisher =    {GitHub},
  journal =      {GitHub repository},
  howpublished = {\url{https://github.com/GoogleChrome/puppeteer}},
  note =         {Accessed: 2017-09-20}
}

@inproceedings{rabaey2008brand,
  title =        {{A Brand New Wireless Day}},
  author =       {Rabaey, Jan M},
  booktitle =    {Design Automation Conference, 2008. ASPDAC 2008. Asia and
                  South Pacific},
  pages =        {1--1},
  year =         2008,
  organization = {IEEE}
}

@inproceedings{rabaey2011swarm,
  title =        {{The Swarm at the Edge of the Cloud---A New Perspective on
                  Wireless}},
  author =       {Rabaey, Jan M},
  booktitle =    {VLSI Circuits (VLSIC), 2011 Symposium on},
  pages =        {6--8},
  year =         2011,
  organization = {IEEE},
  url =          {https://ieeexplore.ieee.org/document/5985988/}
}

@inproceedings{rabkin2014aggregation,
  title =        {{Aggregation and Degradation in JetStream: Streaming Analytics
                  in the Wide Area}},
  author =       {Rabkin, Ariel and Arye, Matvey and Sen, Siddhartha and Pai,
                  Vivek S and Freedman, Michael J},
  booktitle =    {Proceedings of the 11th USENIX Conference on Networked Systems
                  Design and Implementation},
  series =       {NSDI'14},
  year =         2014,
  isbn =         {978-1-931971-09-6},
  location =     {Seattle, WA},
  pages =        {275--288},
  numpages =     14,
  url =          {http://dl.acm.org/citation.cfm?id=2616448.2616474},
  acmid =        2616474,
  publisher =    {USENIX Association},
  address =      {Berkeley, CA, USA},
}

@inproceedings{rajkumar2010cyber,
  title =        {{Cyber-Physical Systems: The Next Computing Revolution}},
  author =       {Rajkumar, Ragunathan Raj and Lee, Insup and Sha, Lui and
                  Stankovic, John},
  booktitle =    {Proceedings of the 47th design automation conference},
  pages =        {731--736},
  year =         2010,
  organization = {ACM}
}

@article{redmon2016yolo9000,
  title =        {{YOLO9000: Better, Faster, Stronger}},
  author =       {Redmon, Joseph and Farhadi, Ali},
  journal =      {arXiv preprint arXiv:1612.08242},
  year =         2016,
  url =          {http://arxiv.org/abs/1612.08242},
  timestamp =    {Mon, 02 Jan 2017 11:09:15 +0100},
  biburl =       {http://dblp.uni-trier.de/rec/bib/journals/corr/RedmonF16},
  bibsource =    {dblp computer science bibliography, http://dblp.org},
}

@article{rejaie2000layered,
  title =        {{Layered Quality Adaptation for Internet Video Streaming}},
  author =       {Rejaie, Reza and Handley, Mark and Estrin, Deborah},
  journal =      {IEEE Journal on Selected Areas in Communications},
  volume =       18,
  number =       12,
  pages =        {2530--2543},
  year =         2000,
  publisher =    {IEEE}
}

@book{richardson2011h,
  author =       {Richardson, Iain E.},
  title =        {The H.264 Advanced Video Compression Standard},
  year =         2010,
  isbn =         {0470516925, 9780470516928},
  edition =      {2nd},
  publisher =    {Wiley Publishing},
}

@incollection{ronetti2000railway,
  title =        {{Railway Station Surveillance: the Italian Case}},
  author =       {Ronetti, Nino and Dambra, Carlo},
  booktitle =    {Multimedia Video-Based Surveillance Systems},
  pages =        {13--20},
  year =         2000,
  publisher =    {Springer}
}

@misc{rpi,
  title =        {{Raspberry Pi}},
  howpublished = {\url{http://www.raspberrypi.org/}}
}

@article{russell2008labelme,
  title =        {{LabelMe: a Database and Web-based Tool for Image Annotation}},
  author =       {Russell, Bryan C and Torralba, Antonio and Murphy, Kevin P and
                  Freeman, William T},
  journal =      {Int. J. Comput. Vision},
  issue_date =   {May 2008},
  volume =       77,
  number =       {1-3},
  month =        may,
  year =         2008,
  issn =         {0920-5691},
  pages =        {157--173},
  numpages =     17,
  url =          {http://dx.doi.org/10.1007/s11263-007-0090-8},
  doi =          {10.1007/s11263-007-0090-8},
  acmid =        1345999,
  publisher =    {Kluwer Academic Publishers},
  address =      {Hingham, MA, USA},
  keywords =     {Annotation tool, Database, Object detection, Object
                  recognition},
}

@misc{s3durability,
  title =        {{Amazon S3 Durability}},
  howpublished = {\url{http://aws.amazon.com/s3/faqs/\#Data_Protection/}},
  year =         2015
}

@misc{sami,
  title =        {Samsung {SAMI}: A data exchange platform that defines a new
                  paradigm},
  howpublished = {\url{https://developer.samsungsami.io/}},
  year =         2015
}

@inproceedings{sampson2011enerj,
  title =        {{EnerJ: Approximate Data Types for Safe and General Low-power
                  Computation}},
  author =       {Sampson, Adrian and Dietl, Werner and Fortuna, Emily and
                  Gnanapragasam, Danushen and Ceze, Luis and Grossman, Dan},
  booktitle =    {ACM SIGPLAN Notices},
  volume =       46,
  number =       6,
  pages =        {164--174},
  year =         2011,
  organization = {ACM}
}

@inproceedings{sanjeev2015twitter,
  author =       {Kulkarni, Sanjeev and Bhagat, Nikunj and Fu, Maosong and
                  Kedigehalli, Vikas and Kellogg, Christopher and Mittal,
                  Sailesh and Patel, Jignesh M. and Ramasamy, Karthik and
                  Taneja, Siddarth},
  title =        {{Twitter Heron: Stream Processing at Scale}},
  booktitle =    {Proceedings of the 2015 ACM SIGMOD International Conference on
                  Management of Data},
  series =       {SIGMOD'15},
  year =         2015,
  isbn =         {978-1-4503-2758-9},
  location =     {Melbourne, Victoria, Australia},
  pages =        {239--250},
  numpages =     12,
  url =          {http://doi.acm.org/10.1145/2723372.2742788},
  doi =          {10.1145/2723372.2742788},
  acmid =        2742788,
  publisher =    {ACM},
  address =      {New York, NY, USA},
  keywords =     {real-time data processing., stream data processing systems},
}

@article{satyanarayanan2009case,
  title =        {{The Case for VM-based Cloudlets in Mobile Computing}},
  author =       {Satyanarayanan, Mahadev and Bahl, Paramvir and Caceres,
                  Ram{\'o}n and Davies, Nigel},
  journal =      {IEEE Pervasive Computing},
  issue_date =   {October 2009},
  volume =       8,
  number =       4,
  month =        oct,
  year =         2009,
  issn =         {1536-1268},
  pages =        {14--23},
  numpages =     10,
  url =          {http://dx.doi.org/10.1109/MPRV.2009.82},
  doi =          {10.1109/MPRV.2009.82},
  acmid =        1638731,
  publisher =    {IEEE Educational Activities Department},
  address =      {Piscataway, NJ, USA},
  keywords =     {augmented reality, cognitive augmentation, cyber foraging,
                  dynamic VM synthesis, dynamic VM synthesis, cyber foraging,
                  augmented reality, cognitive augmentation, virtual machines,
                  resource constraints, resource constraints, virtual machines},
}

@misc{schneiderman1998designing,
  title =        {Designing the user interface},
  author =       {Schneiderman, Ben and Plaisant, Catherine},
  year =         1998,
  publisher =    {Don Mills, Ontario: Addison Wesley}
}

@article{schulz2017latency,
  title =        {{Latency Critical IoT Applications in 5G: Perspective on the
                  Design of Radio Interface and Network Architecture}},
  author =       {Schulz, Philipp and Matthe, Maximilian and Klessig, Henrik and
                  Simsek, Meryem and Fettweis, Gerhard and Ansari, Junaid and
                  Ashraf, Shehzad Ali and Almeroth, Bjoern and Voigt, Jens and
                  Riedel, Ines and others},
  journal =      {IEEE Communications Magazine},
  volume =       55,
  number =       2,
  pages =        {70--78},
  year =         2017,
  publisher =    {IEEE}
}

@article{schulzrinne1998real,
  title =        {{Real time streaming protocol (RTSP)}},
  author =       {Schulzrinne, Henning},
  year =         1998
}

@article{schulzrinne1998rtsp,
  title =        {RTSP: Real time streaming protocol},
  author =       {Schulzrinne, H and Rao, A and Lanphier, R},
  journal =      {IETF RFC2326, april},
  year =         1998
}

@misc{schulzrinne2006rtp,
  title =        {{RTP: A Transport Protocol for Real-Time}},
  author =       {Schulzrinne, H and Casner, S and Frederick, R and Jaconson, V},
  journal =      {RFC 1889},
  year =         2006,
  publisher =    {Internet Engineering Task Forc}
}

@misc{seeingai,
  title =        {{Seeing AI}},
  author =       {Microsoft},
  url =          {https://www.microsoft.com/en-us/seeing-ai/},
  year =         2017,
  note =         {Accessed: 2017-08-02}
}

@misc{sfpark,
  title =        {{SFPark}},
  howpublished = {\url{http://sfpark.org/}},
}

@article{shahriari2016taking,
  title =        {Taking the human out of the loop: A review of bayesian
                  optimization},
  author =       {Shahriari, Bobak and Swersky, Kevin and Wang, Ziyu and Adams,
                  Ryan P and De Freitas, Nando},
  journal =      {Proceedings of the IEEE},
  volume =       104,
  number =       1,
  pages =        {148--175},
  year =         2016,
  publisher =    {IEEE}
}

@article{shenker1994integrated,
  title =        {Integrated services in the Internet architecture: an overview},
  author =       {Shenker, Scott and Braden, R and Clark, D},
  journal =      {IETF Request for Comments (RFC)},
  volume =       1633,
  year =         1994
}

@article{shenker1995fundamental,
  title =        {{Fundamental Design Issues for the Future Internet}},
  author =       {Shenker, Scott},
  journal =      {IEEE Journal on selected areas in communications},
  volume =       13,
  number =       7,
  pages =        {1176--1188},
  year =         1995,
  publisher =    {IEEE}
}

@article{sherry2012making,
  title =        {{Making middleboxes someone else's problem: network processing
                  as a cloud service}},
  author =       {Sherry, Justine and Hasan, Shaddi and Scott, Colin and
                  Krishnamurthy, Arvind and Ratnasamy, Sylvia and Sekar, Vyas},
  journal =      {ACM SIGCOMM Computer Communication Review},
  volume =       42,
  number =       4,
  pages =        {13--24},
  year =         2012,
  publisher =    {ACM}
}

@book{siegele2008let,
  title =        {{Let it rise: A special report on corporate IT}},
  author =       {Siegele, Ludwig},
  year =         2008,
  publisher =    {Economist Newspaper}
}

@article{simonyan2014very,
  title =        {{Very Deep Convolutional Networks for Large-Scale Image
                  Recognition}},
  author =       {Simonyan, Karen and Zisserman, Andrew},
  journal =      {arXiv preprint arXiv:1409.1556},
  year =         2014
}

@misc{skynet,
  title =        {{In China, Beware: A Camera May Be Watching You}},
  author =       {Langfitt, Frank},
  howpublished =
                  {\url{http://www.npr.org/2013/01/29/170469038/in-china-beware-a-camera-may-be-watching-you}},
  booktitle =    {NPR},
  year =         2013,
  note =         {Accessed: 2017-04-04}
}

@misc{smartthings,
  title =        {{SmartThings}},
  howpublished = {\url{http://www.smartthings.com/}}
}

@inproceedings{snoek2012practical,
  title =        {Practical bayesian optimization of machine learning
                  algorithms},
  author =       {Snoek, Jasper and Larochelle, Hugo and Adams, Ryan P},
  booktitle =    {Advances in neural information processing systems},
  pages =        {2951--2959},
  year =         2012
}

@article{sodagar2011mpeg,
  title =        {{The MPEG-DASH Standard for Multimedia Streaming over the
                  Internet}},
  author =       {Sodagar, Iraj},
  journal =      {IEEE MultiMedia},
  issue_date =   {October 2011},
  volume =       18,
  number =       4,
  month =        oct,
  year =         2011,
  issn =         {1070-986X},
  pages =        {62--67},
  numpages =     6,
  url =          {http://dx.doi.org/10.1109/MMUL.2011.71},
  doi =          {10.1109/MMUL.2011.71},
  acmid =        2086441,
  publisher =    {IEEE Computer Society Press},
  address =      {Los Alamitos, CA, USA},
  keywords =     {multimedia, Internet, video, HTTP streaming, dynamic
                  adaptation, MPEG, DASH, Industry and Standards},
}

@article{solnik2017bayesian,
  title =        {{Bayesian Optimization for a Better Dessert}},
  author =       {Solnik, Benjamin and Golovin, Daniel and Kochanski, Greg and
                  Karro, John Elliot and Moitra, Subhodeep and Sculley, D},
  year =         2017
}

@misc{spark,
  title =        {{Spark}},
  howpublished = {\url{https://www.spark.io/}},
}

@misc{stanislav2014the,
  author =       {Stanislav, Mark and Lanier, Zach},
  title =        {{The Internet of Fails: Where IoT Has Gone Wrong and How We're
                  Making It Right}},
  howpublished =
                  {\url{https://www.defcon.org/html/defcon-22/dc-22-speakers.html}},
  year =         2014
}

@article{steiner2008ttethernet,
  title =        {{TTEthernet Specification}},
  author =       {Steiner, Wilfried},
  journal =      {TTTech Computertechnik AG, Nov},
  volume =       39,
  pages =        40,
  year =         2008
}

@inproceedings{stoica2002internet,
  title =        {{Internet Indirection Infrastructure}},
  author =       {Stoica, Ion and Adkins, Daniel and Zhuang, Shelley and
                  Shenker, Scott and Surana, Sonesh},
  booktitle =    {ACM SIGCOMM Computer Communication Review},
  volume =       32,
  number =       4,
  pages =        {73--86},
  year =         2002,
  organization = {ACM}
}

@inproceedings{stribling2009flexible,
  author =       {Stribling, Jeremy and Sovran, Yair and Zhang, Irene and
                  Pretzer, Xavid and Li, Jinyang and Kaashoek, M. Frans and
                  Morris, Robert},
  title =        {{Flexible, Wide-area Storage for Distributed Systems with
                  WheelFS}},
  booktitle =    {Proceedings of the 6th USENIX Symposium on Networked Systems
                  Design and Implementation},
  series =       {NSDI'09},
  year =         2009,
  location =     {Boston, Massachusetts},
  pages =        {43--58},
  numpages =     16,
  url =          {http://dl.acm.org/citation.cfm?id=1558977.1558981},
  acmid =        1558981,
  publisher =    {USENIX Association},
}

@inproceedings{sun2016cs2p,
  title =        {{CS2P: Improving Video Bitrate Selection and Adaptation with
                  Data-Driven Throughput Prediction}},
  author =       {Sun, Yi and Yin, Xiaoqi and Jiang, Junchen and Sekar, Vyas and
                  Lin, Fuyuan and Wang, Nanshu and Liu, Tao and Sinopoli, Bruno},
  booktitle =    {Proceedings of the 2016 conference on ACM SIGCOMM 2016
                  Conference},
  pages =        {272--285},
  year =         2016,
  organization = {ACM},
  publisher =    {ACM},
  acmid =        2934898,
  url =          {http://doi.acm.org/10.1145/2934872.2934898},
  doi =          {10.1145/2934872.2934898},
}

@inproceedings{sundaresan2014bismark,
  title =        {{BISmark: A Testbed for Deploying Measurements and
                  Applications in Broadband Access Networks}},
  author =       {Sundaresan, Srikanth and Burnett, Sam and Feamster, Nick and
                  De Donato, Walter},
  booktitle =    {Proceedings of the 2014 USENIX Conference on USENIX Annual
                  Technical Conference},
  series =       {USENIX ATC'14},
  year =         2014,
  isbn =         {978-1-931971-10-2},
  location =     {Philadelphia, PA},
  pages =        {383--394},
  numpages =     12,
  url =          {http://dl.acm.org/citation.cfm?id=2643634.2643673},
  acmid =        2643673,
  publisher =    {USENIX Association},
  address =      {Berkeley, CA, USA},
}

@article{swan2013quantified,
  title =        {{The Quantified Self: Fundamental Disruption in Big Data
                  Science and Biological Discovery}},
  author =       {Swan, Melanie},
  journal =      {Big Data},
  volume =       1,
  number =       2,
  pages =        {85--99},
  year =         2013,
}

@misc{swarmbox,
  title =        {{Tech Talk: Swarm Boxes}},
  howpublished = {\url{http://semiengineering.com/tech-talk-swarm-boxes/}}
}

@misc{swarmlab,
  title =        {{The Berkeley Ubiquitous SwarmLab}},
  howpublished = {\url{https://swarmlab.berkeley.edu/}}
}

@inproceedings{szegedy2015going,
  title =        {{Going Deeper with Convolutions}},
  author =       {Szegedy, Christian and Liu, Wei and Jia, Yangqing and
                  Sermanet, Pierre and Reed, Scott and Anguelov, Dragomir and
                  Erhan, Dumitru and Vanhoucke, Vincent and Rabinovich, Andrew},
  booktitle =    {Proceedings of the IEEE conference on computer vision and
                  pattern recognition},
  pages =        {1--9},
  year =         2015
}

@misc{tensorflow2017serving,
  title =        {{TensorFlow Serving}},
  author =       {Google},
  url =          {https://www.tensorflow.org/serving/},
  year =         2017,
}

@misc{terraswarm,
  title =        {{The TerraSwarm Research Center}},
  howpublished = {\url{https://terraswarm.org/}}
}

@misc{thingspeak,
  title =        {{ThingSpeak}},
  howpublished = {\url{https://thingspeak.com/}}
}

@article{tierney2001tcp,
  title =        {{TCP Tuning Guide for Distributed Applications on Wide Area
                  Networks}},
  author =       {Tierney, Brian},
  journal =      {USENIX \& SAGE Login},
  volume =       26,
  number =       1,
  pages =        {33--39},
  year =         2001
}

@inproceedings{tolle2005macroscope,
  title =        {{A Macroscope in the Redwoods}},
  author =       {Tolle, Gilman and Polastre, Joseph and Szewczyk, Robert and
                  Culler, David and Turner, Neil and Tu, Kevin and Burgess,
                  Stephen and Dawson, Todd and Buonadonna, Phil and Gay, David
                  and others},
  booktitle =    {Proceedings of the 3rd international conference on Embedded
                  networked sensor systems},
  pages =        {51--63},
  year =         2005,
  organization = {ACM}
}

@inproceedings{toshniwal2014storm,
  title =        {{Storm@ twitter}},
  author =       {Toshniwal, Ankit and Taneja, Siddarth and Shukla, Amit and
                  Ramasamy, Karthik and Patel, Jignesh M and Kulkarni, Sanjeev
                  and Jackson, Jason and Gade, Krishna and Fu, Maosong and
                  Donham, Jake and others},
  booktitle =    {Proceedings of the 2014 ACM SIGMOD international conference on
                  Management of data},
  pages =        {147--156},
  year =         2014,
  organization = {ACM},
  url =          {https://dl.acm.org/citation.cfm?id=2595641},
}

@book{van1979information,
  author =       {Rijsbergen, C. J. Van},
  title =        {{Information Retrieval}},
  year =         1979,
  isbn =         0408709294,
  edition =      {2nd},
  publisher =    {Butterworth-Heinemann},
  address =      {Newton, MA, USA},
}

@article{vandalore2001survey,
  title =        {{A Survey of Application Layer Techniques for Adaptive
                  Streaming of Multimedia}},
  author =       {Vandalore, Bobby and Feng, Wu-chi and Jain, Raj and Fahmy,
                  Sonia},
  journal =      {Real-Time Imaging},
  volume =       7,
  number =       3,
  pages =        {221--235},
  year =         2001,
  publisher =    {Elsevier}
}

@inproceedings{venkataraman2016ernest,
  title =        {{Ernest: Efficient Performance Prediction for Large-scale
                  Advanced Analytics}},
  author =       {Venkataraman, Shivaram and Yang, Zongheng and Franklin,
                  Michael and Recht, Benjamin and Stoica, Ion},
  booktitle =    {13th USENIX Symposium on Networked Systems Design and
                  Implementation (NSDI 16)},
  pages =        {363--378},
  year =         2016,
  organization = {USENIX Association},
  url =
                  {https://www.usenix.org/conference/nsdi16/technical-sessions/presentation/venkataraman},
}

@inproceedings{viola2001rapid,
  title =        {{Rapid Object Detection Using a Boosted Cascade of Simple
                  Features}},
  author =       {Viola, Paul and Jones, Michael},
  booktitle =    {Proceedings of the 2001 IEEE Computer Society Conference on
                  Computer Vision and Pattern Recognition. CVPR 2001},
  year =         2001,
  volume =       1,
  pages =        {I-511-I-518 vol.1},
  doi =          {10.1109/CVPR.2001.990517},
  ISSN =         {1063-6919},
}

@inproceedings{viswanathan2016clarinet,
  title =        {{Clarinet: WAN-Aware Optimization for Analytics Queries}},
  author =       {Viswanathan, Raajay and Ananthanarayanan, Ganesh and Akella,
                  Aditya},
  booktitle =    {12th USENIX Symposium on Operating Systems Design and
                  Implementation (OSDI 16)},
  year =         2016,
  isbn =         {978-1-931971-33-1},
  address =      {GA},
  pages =        {435--450},
  url =
                  {https://www.usenix.org/conference/osdi16/technical-sessions/presentation/viswanathan},
  publisher =    {USENIX Association},
}

@inproceedings{vulimiri2013low,
  author =       {Vulimiri, Ashish and Godfrey, Philip Brighten and Mittal,
                  Radhika and Sherry, Justine and Ratnasamy, Sylvia and Shenker,
                  Scott},
  title =        {{Low Latency via Redundancy}},
  booktitle =    {Proceedings of the Ninth ACM Conference on Emerging Networking
                  Experiments and Technologies},
  series =       {CoNEXT'13},
  year =         2013,
  isbn =         {978-1-4503-2101-3},
  location =     {Santa Barbara, California, USA},
  pages =        {283--294},
  numpages =     12,
  url =          {http://doi.acm.org/10.1145/2535372.2535392},
  doi =          {10.1145/2535372.2535392},
  acmid =        2535392,
  publisher =    {ACM},
  address =      {New York, NY, USA},
  keywords =     {latency, performance, reliability},
}

@inproceedings{vulimiri2015global,
  title =        {{Global Analytics in the Face of Bandwidth and Regulatory
                  Constraints}},
  author =       {Vulimiri, Ashish and Curino, Carlo and Godfrey, Philip
                  Brighten and Jungblut, Thomas and Padhye, Jitu and Varghese,
                  George},
  booktitle =    {12th USENIX Symposium on Networked Systems Design and
                  Implementation (NSDI 15)},
  pages =        {323--336},
  year =         2015,
  url =
                  {https://www.usenix.org/conference/nsdi15/technical-sessions/presentation/vulimiri}
}

@inproceedings{vulimiri2015wananlytics,
  author =       {Vulimiri, Ashish and Curino, Carlo and Godfrey, Philip
                  Brighten and Jungblut, Thomas and Karanasos, Konstantinos and
                  Padhye, Jitendra and Varghese, George},
  title =        {{WANalytics: Geo-Distributed Analytics for a Data Intensive
                  World}},
  booktitle =    {Proceedings of the 2015 ACM SIGMOD International Conference on
                  Management of Data},
  series =       {SIGMOD'15},
  year =         2015,
  isbn =         {978-1-4503-2758-9},
  location =     {Melbourne, Victoria, Australia},
  pages =        {1087--1092},
  numpages =     6,
  url =          {http://doi.acm.org/10.1145/2723372.2735365},
  doi =          {10.1145/2723372.2735365},
  acmid =        2735365,
  publisher =    {ACM},
  address =      {New York, NY, USA},
  keywords =     {analytics, federation, geo-distribution, olap, sovereignty},
}

@misc{wadlow,
  title =        {{The Questions are the Same, but the Answers are Always
                  Changing}},
  howpublished =
                  {\url{https://swarmlab.eecs.berkeley.edu/events/2014/11/18/5165/questions-are-same-answers-are-always-changing}},
  year =         2015
}

@article{wallace1992jpeg,
  title =        {{The JPEG Still Picture Compression Standard}},
  author =       {Wallace, Gregory K},
  journal =      {Commun. ACM},
  issue_date =   {April 1991},
  volume =       34,
  number =       4,
  month =        apr,
  year =         1991,
  issn =         {0001-0782},
  pages =        {30--44},
  numpages =     15,
  url =          {http://doi.acm.org/10.1145/103085.103089},
  doi =          {10.1145/103085.103089},
  acmid =        103089,
  publisher =    {ACM},
  address =      {New York, NY, USA},
}

@inproceedings{wang2016anatomy,
  title =        {{Anatomy of a Personalized Livestreaming System}},
  author =       {Wang, Bolun and Zhang, Xinyi and Wang, Gang and Zheng, Haitao
                  and Zhao, Ben Y},
  booktitle =    {Proceedings of the 2016 ACM on Internet Measurement
                  Conference},
  pages =        {485--498},
  year =         2016,
  organization = {ACM}
}

@techreport{wei2013dynamically,
  title =        {{Dynamically scalable, fault-tolerant coordination on a shared
                  logging service}},
  author =       {Wei, Michael and Balakrishnan, Mahesh and Davis, John D and
                  Malkhi, Dahlia and Prabhakaran, Vijayan and Wobber, Ted},
  year =         2013,
  institution =  {Microsoft Research Technical Report MSR-TR-2013-40, Microsoft
                  Corporation}
}

@inproceedings{wei2014low,
  title =        {{Low latency live video streaming over HTTP 2.0}},
  author =       {Wei, Sheng and Swaminathan, Viswanathan},
  booktitle =    {Proceedings of Network and Operating System Support on Digital
                  Audio and Video Workshop},
  pages =        37,
  year =         2014,
  organization = {ACM}
}

@article{weiser1993ubiquitous,
  title =        {{Ubiquitous computing}},
  author =       {Weiser, Mark},
  journal =      {Computer},
  volume =       26,
  number =       10,
  pages =        {71--72},
  year =         1993,
  publisher =    {IEEE Computer Society}
}

@misc{wink,
  title =        {{Wink}},
  howpublished = {\url{http://www.wink.com/}}
}

@inproceedings{wright1997open,
  title =        {{Open SoundControl: A New Protocol for Communicating with
                  Sound Synthesizers.}},
  author =       {Wright, Matthew and Freed, Adrian and others},
  booktitle =    {ICMC},
  year =         1997
}

@inproceedings{wu2013adaptive,
  title =        {{Adaptive Data Transmission in the Cloud}},
  author =       {Wu, Wenfei and Chen, Yizheng and Durairajan, Ramakrishnan and
                  Kim, Dongchan and Anand, Ashok and Akella, Aditya},
  booktitle =    {Quality of Service (IWQoS), 2013 IEEE/ACM 21st International
                  Symposium on},
  pages =        {1--10},
  year =         2013,
  organization = {IEEE}
}

@misc{xively,
  title =        {{Xively}},
  howpublished = {\url{https://xively.com/}}
}

@inproceedings{xu2009detecting,
  author =       {Xu, Wei and Huang, Ling and Fox, Armando and Patterson, David
                  and Jordan, Michael I.},
  title =        {{Detecting Large-scale System Problems by Mining Console
                  Logs}},
  booktitle =    {Proceedings of the ACM SIGOPS 22Nd Symposium on Operating
                  Systems Principles},
  series =       {SOSP'09},
  year =         2009,
  isbn =         {978-1-60558-752-3},
  location =     {Big Sky, Montana, USA},
  pages =        {117--132},
  numpages =     16,
  url =          {http://doi.acm.org/10.1145/1629575.1629587},
  doi =          {10.1145/1629575.1629587},
  acmid =        1629587,
  publisher =    {ACM},
  address =      {New York, NY, USA},
  keywords =     {console log analysis, monitoring, pca, problem detection,
                  source code analysis, statistical learning, tracing},
}

@article{yin2015control,
  title =        {{A Control-Theoretic Approach for Dynamic Adaptive Video
                  Streaming over HTTP}},
  author =       {Yin, Xiaoqi and Jindal, Abhishek and Sekar, Vyas and Sinopoli,
                  Bruno},
  booktitle =    {Proceedings of the 2015 ACM Conference on Special Interest
                  Group on Data Communication},
  series =       {SIGCOMM'15},
  year =         2015,
  isbn =         {978-1-4503-3542-3},
  location =     {London, United Kingdom},
  pages =        {325--338},
  numpages =     14,
  url =          {http://doi.acm.org/10.1145/2785956.2787486},
  doi =          {10.1145/2785956.2787486},
  acmid =        2787486,
  publisher =    {ACM},
  address =      {New York, NY, USA},
  keywords =     {bitrate adaptation, dash, internet video, model predictive
                  control},
}

@inproceedings{yun2015optimal,
  author =       {Yun, Jeong-Min and He, Yuxiong and Elnikety, Sameh and Ren,
                  Shaolei},
  title =        {{Optimal Aggregation Policy for Reducing Tail Latency of Web
                  Search}},
  booktitle =    {Proceedings of the 38th International ACM SIGIR Conference on
                  Research and Development in Information Retrieval},
  series =       {SIGIR'15},
  year =         2015,
  isbn =         {978-1-4503-3621-5},
  location =     {Santiago, Chile},
  pages =        {63--72},
  numpages =     10,
  url =          {http://doi.acm.org/10.1145/2766462.2767708},
  doi =          {10.1145/2766462.2767708},
  acmid =        2767708,
  publisher =    {ACM},
  address =      {New York, NY, USA},
  keywords =     {aggregation, scheduling, tail latency, web search},
}

@inproceedings{yuriyama2010sensor,
  title =        {{Sensor-cloud infrastructure-physical sensor management with
                  virtualized sensors on cloud computing}},
  author =       {Yuriyama, Madoka and Kushida, Takayuki},
  booktitle =    {Network-Based Information Systems (NBiS), 2010 13th
                  International Conference on},
  pages =        {1--8},
  year =         2010,
  organization = {IEEE}
}

@inproceedings{zachariah1001internet,
  author =       {Zachariah, Thomas and Klugman, Noah and Campbell, Bradford and
                  Adkins, Joshua and Jackson, Neal and Dutta, Prabal},
  title =        {{The Internet of Things Has a Gateway Problem}},
  booktitle =    {HotMobile'15},
  year =         2015,
  isbn =         {978-1-4503-3391-7},
  location =     {Santa Fe, New Mexico, USA},
  pages =        {27--32},
  numpages =     6,
  url =          {http://doi.acm.org/10.1145/2699343.2699344},
  doi =          {10.1145/2699343.2699344},
  acmid =        2699344,
  publisher =    {ACM},
  keywords =     {bluetooth low energy, gateway, internet of things, low-powered
                  devices, mobile phones, sensor networks},
}

@inproceedings{zaharia2013discretized,
  title =        {{Discretized Streams: Fault-tolerant Streaming Computation at
                  Scale}},
  author =       {Zaharia, Matei and Das, Tathagata and Li, Haoyuan and Hunter,
                  Timothy and Shenker, Scott and Stoica, Ion},
  booktitle =    {Proceedings of the Twenty-Fourth ACM Symposium on Operating
                  Systems Principles},
  series =       {SOSP'13},
  year =         2013,
  isbn =         {978-1-4503-2388-8},
  location =     {Farminton, Pennsylvania},
  pages =        {423--438},
  numpages =     16,
  url =          {http://doi.acm.org/10.1145/2517349.2522737},
  doi =          {10.1145/2517349.2522737},
  acmid =        2522737,
  publisher =    {ACM},
  address =      {New York, NY, USA},
}

@article{zambelli2009iis,
  title =        {{IIS Smooth Streaming Technical Overview}},
  author =       {Zambelli, Alex},
  journal =      {Microsoft Corporation},
  volume =       3,
  pages =        40,
  year =         2009
}

@article{zaslavsky2013sensing,
  title =        {{Sensing as a Service and Big Data}},
  author =       {Zaslavsky, Arkady and Perera, Charith and Georgakopoulos,
                  Dimitrios},
  journal =      {arXiv preprint arXiv:1301.0159},
  year =         2013
}

@article{zhang2005habitat,
  title =        {{Habitat Monitoring with ZebraNet: Design and Experiences}},
  author =       {Zhang, P and Sadler, CM and Liu, T and Fischhoff, I and
                  Martonosi, M and Lyons, SA and Rubenstein, DI},
  journal =      {Wireless sensor networks: a systems perspective},
  pages =        {235--257},
  year =         2005,
  publisher =    {Artech House Boston, MA}
}

@article{zhang2014named,
  title =        {{Named Data Networking}},
  author =       {Zhang, Lixia and Afanasyev, Alexander and Burke, Jeffrey and
                  Jacobson, Van and Crowley, Patrick and Papadopoulos, Christos
                  and Wang, Lan and Zhang, Beichuan and others},
  journal =      {ACM SIGCOMM Computer Communication Review},
  volume =       44,
  number =       3,
  pages =        {66--73},
  year =         2014,
  publisher =    {ACM}
}

@inproceedings{zhang2015cloud,
  title =        {{The Cloud is Not Enough: Saving IoT from the Cloud.}},
  author =       {Zhang, Ben and Mor, Nitesh and Kolb, John and Chan, Douglas S
                  and Lutz, Ken and Allman, Eric and Wawrzynek, John and Lee,
                  Edward A and Kubiatowicz, John},
  booktitle =    {7th USENIX Workshop on Hot Topics in Cloud Computing
                  (HotCloud'15)},
  publisher =    {USENIX Association},
  url =
                  {https://www.usenix.org/conference/hotcloud15/workshop-program/presentation/zhang},
  year =         2015,
}

@inproceedings{zhang2015design,
  title =        {{The Design and Implementation of a Wireless Video
                  Surveillance System}},
  author =       {Zhang, Tan and Chowdhery, Aakanksha and Bahl, Paramvir Victor
                  and Jamieson, Kyle and Banerjee, Suman},
  booktitle =    {Proceedings of the 21st Annual International Conference on
                  Mobile Computing and Networking},
  pages =        {426--438},
  year =         2015,
  organization = {ACM},
  url =          {https://dl.acm.org/citation.cfm?id=2790123}
}

@inproceedings{zhang2016flash,
  author =       {Zhang, Yuyu and Bahadori, Mohammad Taha and Su, Hang and Sun,
                  Jimeng},
  title =        {{FLASH: Fast Bayesian Optimization for Data Analytic
                  Pipelines}},
  booktitle =    {Proceedings of the 22Nd ACM SIGKDD International Conference on
                  Knowledge Discovery and Data Mining},
  series =       {KDD'16},
  year =         2016,
  isbn =         {978-1-4503-4232-2},
  location =     {San Francisco, California, USA},
  pages =        {2065--2074},
  numpages =     10,
  url =          {http://doi.acm.org/10.1145/2939672.2939829},
  doi =          {10.1145/2939672.2939829},
  acmid =        2939829,
  publisher =    {ACM},
  address =      {New York, NY, USA},
  keywords =     {automated hyperparameter tuning, bayesian optimization, data
                  analytic pipeline, health analytics},
}

@article{zhang2016guaranteeing,
  title =        {{Guaranteeing Deadlines for Inter-Data Center Transfers}},
  author =       {Zhang, Hong and Chen, Kai and Bai, Wei and Han, Dongsu and
                  Tian, Chen and Wang, Hao and Guan, Haibing and Zhang, Ming},
  journal =      {IEEE/ACM Transactions on Networking},
  year =         2016,
  publisher =    {IEEE},
  url =          {http://ieeexplore.ieee.org/document/7547281},
}

@inproceedings{zhang2017live,
  title =        {{Live Video Analytics at Scale with Approximation and
                  Delay-Tolerance}},
  author =       {Haoyu Zhang and Ganesh Ananthanarayanan and Peter Bodik and
                  Matthai Philipose and Paramvir Bahl and Michael J. Freedman},
  booktitle =    {14th USENIX Symposium on Networked Systems Design and
                  Implementation (NSDI 17)},
  year =         2017,
  isbn =         {978-1-931971-37-9},
  address =      {Boston, MA},
  pages =        {377--392},
  url =
                  {https://www.usenix.org/conference/nsdi17/technical-sessions/presentation/zhang},
  publisher =    {USENIX Association},
}

@inproceedings{zhang2018awstream,
  title =        {{AWStream: Adaptive Wide-Area Streaming Analytics}},
  author =       {Zhang, Ben and Jin, Xin and Ratnasamy, Sylvia and Wawrzynek,
                  John and Lee, Edward A},
  booktitle =    {Proceedings of the 2018 ACM Conference on Special Interest
                  Group on Data Communication},
  series =       {SIGCOMM '18},
  year =         2018,
}

@article{zhao2001tapestry,
  title =        {{Tapestry: An infrastructure for fault-tolerant wide-area
                  location and routing}},
  author =       {Zhao, Ben Yanbin and Kubiatowicz, John and Joseph, Anthony D
                  and others},
  year =         2001,
  publisher =    {Citeseer}
}

@article{zhao2009wireless,
  title =        {{Wireless Sensor Networks}},
  author =       {Zhao, Feng and Guibas, Leonidas},
  journal =      {Communications Engineering Desk Reference},
  volume =       247,
  year =         2009,
  publisher =    {Academic Press}
}

@inproceedings{zou2015can,
  author =       {Zou, Xuan Kelvin and Erman, Jeffrey and Gopalakrishnan, Vijay
                  and Halepovic, Emir and Jana, Rittwik and Jin, Xin and
                  Rexford, Jennifer and Sinha, Rakesh K.},
  title =        {{Can Accurate Predictions Improve Video Streaming in Cellular
                  Networks?}},
  booktitle =    {Proceedings of the 16th International Workshop on Mobile
                  Computing Systems and Applications},
  series =       {HotMobile '15},
  year =         2015,
  isbn =         {978-1-4503-3391-7},
  location =     {Santa Fe, New Mexico, USA},
  pages =        {57--62},
  numpages =     6,
  url =          {http://doi.acm.org/10.1145/2699343.2699359},
  doi =          {10.1145/2699343.2699359},
  acmid =        2699359,
  publisher =    {ACM},
  address =      {New York, NY, USA},
  keywords =     {adaptation, algorithm, cellular, dash, design, http,
                  performance, prediction, video streaming},
}


@TechReport{jain2010fddb,
  author = {Vidit Jain and Erik Learned-Miller},
  title = {{FDDB: A Benchmark for Face Detection in Unconstrained Settings}},
  institution = {University of Massachusetts, Amherst},
  year = 2010,
  number = {UM-CS-2010-009},
}